2948 4676
431 445 434 450 Ι
537 361 861 425 'nmntnnnstru
893 370 896 378 ¹
1175 349 1223 448 ⁷³
1272 383 1275 390 ¹

680 539 741 606 su.
782 623 786 632 ι

236 713 291 777 97.
307 683 375 774 Qui
388 683 550 752 ordinaria
562 684 664 754 soldm
676 685 813 779 gaudent
824 685 1051 776 jurisdictione,
1066 685 1148 758 solos
1156 689 1226 758 sub·
1335 763 1340 772 Α

196 780 278 848 ditos
292 805 363 847 snos
375 779 539 848 absolvere
553 793 682 872 queunt.

236 873 280 941 Et
291 873 344 966 qui
359 872 517 965 delegatd,
534 875 615 946 solas
626 896 773 970 personas
788 899 847 968 pro
861 874 975 972 quihus
993 874 1128 966 delegati
1141 891 1223 945 sunt.

237 969 330 1037 Unde
359 971 507 1039 sacerdos
528 970 739 1064 proquodam
758 971 861 1040 solum
880 997 1083 1065 personarum
1097 997 1227 1063 genere,

194 1089 252 1159 pro
266 1065 419 1148 infirmis,
434 1094 467 1142 v,
484 1094 516 1159 g.
531 1121 540 1148 ,
557 1067 758 1162 approbatus,
774 1067 852 1136 alios
863 1067 1026 1137 absolvere
1038 1067 1156 1163 nequit.
1202 1097 1206 1102 ·

235 1160 357 1228 Tribus
371 1178 476 1230 autem
489 1161 591 1230 modis
605 1163 641 1230 lit
651 1161 764 1256 aliquis
777 1162 942 1237 subditus:
1093 1165 1096 1170 ’
1231 1162 1233 1168 ’

234 1255 371 1324 Ratione
386 1257 537 1328 domicilii
551 1261 662 1350 nempe
674 1273 727 1325 ant
740 1258 830 1351 quasi
840 1257 1009 1336 domiciliis

234 1350 370 1420 Ratione
385 1355 504 1438 stads,
527 1379 583 1422 seu
604 1378 641 1422 ex
679 1351 834 1442 rivilegio.
851 1353 906 1444 Sic
915 1353 1042 1438 novitii,
1059 1367 1089 1422 et
1103 1351 1157 1420 alii
1171 1353 1226 1448 qni
1270 1379 1272 1382 ·

194 1464 264 1515 sunt
275 1449 314 1518 de
324 1450 445 1518 familia
457 1449 636 1534 conventds‚
652 1378 744 1539 iujss
756 1450 923 1521 conventds
933 1449 1145 1542 superioribus
1156 1463 1228 1522 sunt

196 1541 330 1620 subditi;
662 1597 666 1609 .-
697 1585 699 1588 ·
766 1569 767 1574 ’
1049 1575 1050 1578 ’

236 1635 280 1704 Et
292 1637 370 1725 juris
384 1637 656 1730 interpretatione,
679 1663 735 1708 seu
747 1638 843 1714 tacita
866 1637 1097 1709 ordinariorum
1111 1637 1228 1711 volun«

194 1745 257 1799 tate
269 1757 324 1826 per
337 1734 591 1802 consuetudinem
604 1735 751 1814 firmatd;
768 1733 813 1802 sie
823 1733 907 1826 vagi,
919 1733 979 1802 iter
990 1749 1135 1825 agentes,
1152 1751 1226 1815 etc..

193 1828 366 1898 subduntur
378 1829 593 1899 sacerdotibus
607 1831 747 1900 locorum
762 1854 819 1925 per
829 1839 899 1923 quae
909 1845 1083 1898 transeunt.

235 2024 289 2111 98.
305 2018 457 2088 Extranei
481 2034 586 2089 tamen
607 2020 711 2090 audiri
731 2035 879 2114 possunt,
893 2020 956 2089 nisi
969 2020 1004 2088 id
1028 2024 1162 2089 vetuerit
1177 2046 1227 2090 eo·

195 2141 265 2184 rum
287 2115 483 2202 ordinarius,
504 2117 557 2192 vel
580 2115 615 2184 in
635 2116 782 2189 fraudem
804 2115 948 2201 veniant,
974 2116 1049 2209 quia
1071 2117 1143 2184 talis
1180 2132 1227 2192 est

195 2235 267 2284 usus
279 2213 340 2297 (a).
1280 2279 1282 2284 .

236 2305 305 2380 lmo
317 2321 445 2399 possunt
459 2308 479 2374 a
492 2305 676 2402 simpliciter
690 2307 863 2400 approhato
878 2307 999 2378 absolvi
1012 2311 1032 2376 a
1047 2307 1170 2380 casibus
1179 2331 1228 2376 ra·

194 2401 278 2468 tione
290 2405 339 2470 sul
353 2401 533 2486 reservatis,
555 2401 584 2474 si
599 2403 752 2478 reservati
770 2429 835 2487 non
847 2404 910 2474 siut
924 2403 958 2478 in
971 2403 1108 2474 dioecesi
1118 2403 1152 2470 in
1165 2405 1230 2498 qud¹

195 2498 391 2566 confitentur.

236 2592 333 2660 Sectis
348 2593 375 2660 si
390 2608 491 2664 essent
512 2595 663 2664 reservati
676 2596 710 2664 in
723 2595 852 2668 dioecesi
870 2597 1070 2677 confessarii,
1086 2597 1227 2690 quamvis

195 2711 256 2754 uon
267 2688 301 2758 in
313 2692 386 2771 sud,
402 2689 477 2781 quia
490 2691 663 2760 reservatio
678 2692 900 2764 confessarium
915 2693 1013 2760 aflicit
1029 2695 1087 2776 (b).

237 2784 338 2852 Nota:
356 2787 397 2854 ad
411 2785 570 2877 regulares
592 2787 800 2856 absolvendos
813 2840 821 2867 ‚
833 2787 974 2880 ipsorum
988 2784 1157 2880 superioris
1172 2809 1228 2853 rev

197 2879 330 2970 quiritur
336 2879 505 2970 delegatio.
519 2881 586 2950 Sed
600 2907 638 2949 ex
651 2882 778 2950 decreto
791 2879 1077 2961 BenedictinV,
1094 2894 1229 2947 tractatu

197 2973 237 3042 de
248 2968 399 3041 sacrificio
412 2975 531 3058 missar,
547 2976 602 3069 qui
615 2993 742 3045 manent
757 2980 844 3046 extra
859 2974 991 3048 claustra
1003 3003 1073 3050 curn
1085 2973 1168 3062 hond
1177 3000 1229 3044 vc·-

195 3068 263 3150 nia,
279 3095 336 3136 nec
350 3067 461 3142 habent
473 3071 611 3165 aliquem
625 3073 673 3142 sui
687 3073 897 3168 ordinisapud
907 3098 1001 3166 quem
1012 3074 1226 3154 confiteantur,

195 3180 324 3326 possunt
337 3167 421 3258 apud
435 3192 663 3262 quemcumque
674 3171 881 3263 approbatum
895 3168 1049 3245 confiteri,
1074 3183 1104 3236 et
1119 3171 1138 3234 ὲ
1152 3166 1229 3236 casia

219 3286 253 3328 us
265 3259 384 3329 ratione
398 3265 447 3329 sul
466 3263 517 3332 vel
535 3263 654 3333 ratione
667 3289 804 3340 censnrae
819 3264 853 3332 in
872 3263 990 3332 ordinis
1005 3262 1224 3332 constitution*

195 3355 253 3424 bus
267 3356 432 3425 reservatis
445 3358 587 3442 absolvi,
603 3386 673 3427 cum
693 3359 840 3454 impositd
854 3359 1043 3452 obligatione
1058 3383 1161 3428 coram
1178 3383 1227 3428 su*

194 3449 336 3543 periore,
348 3452 402 3520 ubi
415 3453 551 3546 primum
563 3471 725 3550 poterunt,
740 3483 774 3525 se
788 3455 933 3532 sistendi,

236 3543 390 3615 Moniales
402 3550 447 3633 (c)
463 3550 655 3643 excipiuntur
669 3577 792 3646 semper
806 3551 840 3617 in
857 3549 1051 3642 delegatione
1071 3543 1226 3639 generali.

174 3721 177 3726 Ι
194 3639 263 3718 lmt
277 3641 335 3733 qui,
346 3642 387 3710 ad
402 3667 454 3711 eas
468 3647 638 3715 audiendas
652 3645 819 3741 specialem
834 3644 951 3712 habent
966 3640 1119 3736 Episcopi
1132 3638 1227 3716 licen

195 3735 289 3817 tiam,
300 3762 363 3804 non
376 3762 484 3806 omnes
499 3741 607 3812 audire
622 3756 769 3836 possunt,
785 3741 813 3811 si
827 3765 886 3836 pro
900 3764 965 3808 uno
978 3737 1045 3806 solo
1059 3752 1113 3812 ant
1125 3735 1228 3814 altero
1344 3759 1349 3770 ·

194 3833 383 3909 monasterio
395 3833 470 3900 data
483 3835 537 3906 sit.
836 3867 840 3873 ·
