2932 4658
584 368 823 426 uncanoer.
1142 359 1223 458 359,

162 499 166 508 .
225 452 262 519 to)
273 453 322 506 tet
332 467 366 504 ex
375 453 492 517 respectu
502 454 624 517 humano,
635 458 705 506 aiunt
715 459 800 519 aliqui.
816 457 864 508 sed
873 456 894 507 si
908 453 1049 511 dii'sallem
1062 463 1105 522 eut
1119 443 1215 518 ricibria

194 525 309 585 repetitis
317 525 432 584 rideant,
442 521 503 573 licdt
511 538 560 574 non
577 523 607 572 de
618 527 788 588 turpitudine,
800 525 901 577 difficile
911 529 938 576 id
947 531 1074 580 crederem
1085 531 1162 583 oolrim
1172 551 1215 586 ve·

194 592 277 653 niale,
287 593 347 654 qula
357 594 393 641 ibi
405 593 443 641 est
454 593 556 642 externa
566 595 653 642 saltem
664 596 815 657 approbatio,
826 592 876 644 imd
886 598 954 657 quasi
959 599 1103 650 adhortatio.
1112 603 1214 655 llortale

194 661 247 724 est,
256 661 338 725 iuquit
347 663 406 712 coll.
416 662 507 725 Andes.
512 695 520 725 ,
528 675 577 725 per
585 663 717 712 externum
727 664 840 714 babitmn
848 666 977 716 ostendere
987 666 1115 737 approbari
1125 672 1192 722 aaa.

572 839 838 897 nusotunlotlbs

430 994 502 1054 circi
514 1003 617 1064 peccata
630 1003 737 1054 luxurie
746 1005 837 1055 mentis
846 1003 873 1055 et
883 1003 970 1058 cordis}

232 1168 306 1255 384.
319 1173 535 1264 Hmepeccata
544 1187 724 1240 revocantur
735 1173 775 1241 ad
793 1175 989 1267 cogitationes
1004 1192 1034 1246 et
1045 1179 1208 1253 desideria.

232 1267 445 1359 Cogitationes
468 1257 538 1336 stult
561 1268 842 1358 repraesentationes
857 1271 891 1336 in
915 1285 1031 1342 mente..
1049 1255 1132 1343 Ciam
1149 1278 1211 1346 sint

192 1378 333 1456 aspectus
347 1360 525 1448 intepiores,
540 1360 580 1430 de
593 1361 632 1429 iis
646 1387 716 1430 cum
733 1364 932 1460 proportione
950 1367 1079 1436 dicenda
1092 1393 1160 1462 quae
1171 1373 1211 1442 dc

191 1457 429 1552 aspectibus(o).
1115 1447 1118 1456 ’

234 1552 271 1620 Si
282 1552 451 1620 habeantur
462 1575 534 1618 cum
545 1550 785 1645 complacentia,
798 1551 869 1621 ride
882 1559 917 1620 n⁰
933 1583 1004 1623 200.

232 1647 398 1735 Desideria
411 1663 480 1715 sunt
493 1647 621 1714 affectus
636 1647 817 1732 efficaciter,
833 1653 979 1743 quantum
991 1665 1036 1719 est
1049 1649 1088 1720 de
1101 1676 1153 1736 se,
1169 1653 1210 1722 ad

192 1742 293 1838 operis
313 1741 521 1812 executionem
538 1743 683 1811 ordinati.

231 1837 373 1905 Medium
393 1853 496 1906 tenent
512 1837 592 1906 iuter
610 1837 771 1906 volitiones
788 1837 933 1908 'efficaces
946 1839 1057 1932 quihus
1069 1840 1208 1912 voluntas

189 1931 256 2001 nult
269 1929 418 2000 adhihere
427 1929 531 2000 media
544 1956 613 2023 quae
623 1947 693 2000 sunt
703 1932 736 1998 iu
750 1933 811 2000 sui,
825 1949 973 2024 potestate
996 1935 1036 2002 ad
1058 1961 1204 2030 exequen-

190 2029 283 2107 dum,
299 2042 329 2092 et
341 2049 459 2095 meram
469 2025 721 2116 complacentiam
739 2027 778 2092 de
795 2051 829 2091 re
842 2026 1049 2118 apprehensa..
1127 2033 1133 2053 “

232 2119 349 2188 Totam
359 2117 461 2212 operis
474 2116 626 2184 malitiam
635 2119 714 2185 sicut
729 2133 759 2186 et
772 2119 908 2210 speciem
918 2120 1083 2212 continent.
1178 2175 1181 2182 .

231 2215 326 2285 Nono
335 2230 437 2282 autem
449 2228 620 2307 praecepto,
635 2237 697 2281 non
711 2214 812 2282 solium
827 2215 978 2284 adulteria
1002 2231 1032 2284 et
1047 2215 1108 2283 alia
1129 2217 1208 2286 desi-

190 2311 278 2380 deria
304 2311 407 2406 turpia
422 2307 642 2404 prohihentur,
661 2309 716 2378 sed
738 2325 768 2378 et
793 2309 890 2378 libido
918 2313 980 2404 qud
1000 2311 1068 2408 quis
1082 2310 1208 2382 alterius
1251 2325 1258 2337 “

189 2432 336 2489 imorem,
355 2405 482 2474 alterive
496 2405 726 2498 desponsatam,
741 2420 795 2472 aut
807 2404 878 2473 Deo
895 2431 1033 2489 sacram,
1052 2409 1086 2474 in
1102 2407 1208 2476 matri·
1225 2473 1237 2496 ,

188 2501 327 2570 monium
341 2501 452 2569 ducere
474 2499 677 2593 concupiscit,
696 2499 736 2567 ob
755 2499 925 2594 periculum
947 2505 1057 2594 uemp'e
1077 2518 1208 2572 mortem

189 2597 322 2694 proximi
336 2611 389 2666 aut
409 2594 593 2664 adulterium
613 2595 827 2679 deSidcrandi,
843 2595 907 2663 imo
929 2596 1137 2664 committendi
1147 2597 1206 2683 (b).

229 2694 316 2763 Nota
338 2723 347 2760 a
373 2691 508 2781 Quando
532 2690 687 2758 desideria
708 2694 816 2758 contria
839 2690 1008 2756 castitatem
1029 2692 1209 2759 confitentur

189 2786 389 2880 poenitentes,
404 2783 583 2850 videndum·
593 2782 712 2874 qualia,
736 2797 822 2860 etan
843 2807 905 2850 non
921 2781 1074 2876 simplices
1094 2783 1208 2854 luerint

190 2877 404 2950 delectationes
416 2900 547 2944 morosae
559 2891 613 2943 ant
630 2875 781 2944 vicissim.

219 3065 437 3137 (alstrolmtarid
453 3069 480 3118 et
499 3065 592 3118 directe
610 3068 752 3117 admittatur
772 3068 815 3118 aut
835 3067 971 3120 retineatur
989 3068 1101 3131 copem
1112 3071 1205 3133 turpis,

188 3142 291 3191 mortale
301 3141 339 3188 est
348 3139 380 3187 ob
389 3138 605 3200 presentissimum
613 3137 752 3198 periculum
763 3138 865 3185 cadendi
875 3138 902 3184 in
915 3138 1104 3186 delectationem
1114 3141 1140 3188 et
1148 3151 1207 3187 cou-

187 3222 286 3260 oemum
301 3209 345 3257 aut
364 3208 390 3255 in
404 3209 485 3268 ipsum
495 3219 565 3268 opus.
583 3207 645 3254 item
657 3219 689 3254 ex
701 3207 732 3252 b.
742 3205 834 3253 ‘l'lromd
845 3203 950 3262 etjuxtd
960 3206 1164 3264 probabiliorem,
1174 3209 1205 3266 ei,

187 3293 233 3330 nec
244 3277 399 3341 approbando
417 3288 464 3324 nec
477 3275 632 3336 repellendo,
642 3274 696 3322 siue
713 3273 778 3332 iusta
789 3271 862 3321 coust
873 3272 1032 3333 permittatur
1050 3283 1108 3322 cum
1118 3273 1207 3321 adrer-
1301 3311 1306 3318 .

188 3338 823 3407 tentn‚s‚2,q.lt,art.u.utnantteonoa.
1041 3388 1043 3394 ,

218 3415 247 3462 tn
259 3411 362 3463 materia
377 3411 497 3470 luxuriae,
516 3422 613 3471 semper
627 3410 721 3458 censeri
740 3409 814 3458 debet
829 3412 958 3469 peceatum
973 3407 1090 3467 modale,
1109 3407 1207 3467 quoties

188 3481 342 3542 aliqutsalue
361 3481 424 3528 bono
434 3479 547 3527 inevult
564 3471 700 3527 deliberate
716 3478 844 3537 imaginari
855 3477 896 3524 vel
915 3477 1022 3537 cogitare
1041 3476 1207 3535 turpia,quia

188 3545 504 3610 proptereympatbicamet
513 3547 691 3594 connexionem
701 3546 866 3606 potentiarum
876 3545 965 3592 anime
975 3539 1101 3604 nunquam
1110 3542 1206 3590 sistitur

188 3620 216 3668 in
235 3615 310 3675 huius
328 3612 394 3662 modi
405 3613 591 3672 corintiorum
600 3615 641 3662 rel
664 3613 892 3672 imaginationibus,
903 3611 946 3658 sed
960 3622 992 3656 ex
1007 3621 1034 3656 ee
1044 3608 1163 3658 inducunt
1173 3608 1205 3657 ad

188 3690 273 3748 turpes
280 3684 361 3732 motus
371 3683 397 3730 et
406 3679 507 3728 effectus
517 3677 711 3742 quosuunqudm
721 3690 852 3739 procurare
870 3679 940 3726 licet.
952 3677 1099 3725 lbeotPtct.
1117 3675 1203 3740 [ilbi]

217 3747 297 3803 ldiuds
305 3749 480 3801 universaliter
497 3751 523 3796 et
533 3747 612 3798 ioman
621 3743 706 3798 verita
715 3747 776 3794 dicit
795 3747 822 3792 Ρ.
833 3745 894 3793 Gab.
909 3744 975 3801 Aut,
984 3737 999 3790 t
1008 3743 1153 3803 multatione
1162 3757 1206 3792 ro·

189 3819 294 3871 lunmdt
304 3817 359 3870 rarb
369 3819 413 3868 aut
422 3815 637 3876 complacentiam,
645 3817 688 3865 aut
697 3811 880 3875 complacentia
889 3807 1021 3858 consensis
1030 3811 1056 3858 ln
1066 3812 1205 3872 recogitata

130 3925 140 3958 .‚
185 3891 327 3952 proximem
339 3884 656 3948 tempestatumque
667 3885 769 3934 materia
780 3884 818 3932 est
828 3874 934 3930 multdm
943 3877 1053 3940 lubrica,
1064 3891 1092 3927 ac
1102 3875 1205 3941 proinde
