2984 4666
282 387 286 392 .
360 331 430 402 268
637 350 689 402 ne
711 349 851 403 nnrnro
872 345 1110 400 nnaacanro

359 440 475 490 illicitum
486 437 589 498 putant,
599 435 671 484 modo
683 449 714 484 ex
722 434 794 494 juxta
803 433 885 492 ended,
897 435 943 482 etsi
953 430 1021 488 cent
1039 433 1132 482 sciatur
1148 433 1289 483 maleficum
1298 432 1385 485 oneret

358 511 491 566 acturum,
510 507 532 554 ct
552 507 629 567 possit
648 502 717 556 licite
736 517 828 566 agere,
847 504 912 552 sicut
929 503 990 551 licet
1006 503 1122 550 mutuum
1142 503 1229 563 petere
1252 505 1284 551 ab
1300 517 1385 553 usura-

358 577 396 624 rio
428 571 507 630 2651.

388 573 417 690 lai
428 643 504 690 dubio
513 653 544 688 an
556 641 642 688 modus
652 640 761 688 solvendt
771 639 920 688 maleficium
929 639 1131 700 superstitionem
1136 639 1269 701 contineat,
1278 641 1384 701 prante

360 711 433 759 tende
443 710 598 771 protestatio.
609 712 639 758 Ρ.
651 709 707 758 Ant·
719 707 820 763 dGora't.
1196 763 1198 768 ¹

388 779 498 826 Tandem
508 790 558 826 nora
568 777 657 825 desunt
671 778 714 838 oui
725 778 753 824 ot
762 776 890 837 probabtle
901 775 1009 827 habeant
1025 775 1102 824 licere
1122 775 1211 825 tollere
1230 777 1325 837 signnm
1338 789 1386 836 per

359 846 538 910 apposibnem
550 849 613 908 signi
622 850 754 908 contrarti3
764 849 808 896 sed
816 849 868 908 peti
876 847 962 910 nequit
972 843 1101 897 ddaemone
1111 849 1141 896 ut
1148 849 1227 896 solvat
1235 849 1386 896 maleficium

359 920 417 979 quta
428 919 453 966 id
464 920 562 978 signnm
573 917 637 965 esset
647 918 818 975 subiectione.
829 917 1003 980 imperandum
1019 916 1138 977 demoni,
1148 917 1213 966 utne
1221 923 1267 979 per
1276 917 1388 966 exorcis·

361 1000 422 1035 mos.
434 987 482 1036 Sed
493 985 535 1036 hlc
543 983 595 1046 idm
605 980 710 1037 diutinis.

847 1125 912 1193 su·

672 1273 709 1328 De
720 1271 791 1320 cultu
800 1271 855 1320 reri
865 1271 912 1320 Dei
923 1270 1072 1322 inordinato.

402 1405 476 1485 3082
495 1413 608 1484 Cultus
621 1414 683 1484 Dei
692 1415 903 1498 inordinatus,
922 1415 1001 1484 alius
1016 1430 1061 1484 est
1070 1415 1185 1498 salsos,
1199 1418 1276 1486 alius
1286 1421 1386 1514 turpis

363 1530 393 1582 et
405 1512 483 1586 alius
497 1508 683 1603 superfluus.
885 1531 888 1538 ·
1034 1503 1038 1510 ’

402 1608 513 1678 Falsus
537 1621 585 1674 est
607 1603 635 1674 si
657 1604 690 1670 in
705 1630 740 1671 eo
754 1604 943 1696 significetur
956 1603 1075 1698 aliquid
1098 1605 1186 1690 falsi,
1209 1621 1243 1674 ut
1256 1606 1282 1674 si
1297 1632 1388 1676 caere-

357 1703 464 1772 monia
474 1701 596 1793 judaica
605 1699 800 1791 adhibeatur;
813 1699 954 1794 reliquiae
963 1701 1095 1770 lalsaead
1104 1702 1219 1770 cultum
1229 1701 1387 1796 publicum

363 1811 552 1892 exponantur
565 1829 573 1876 ;
601 1795 750 1864 miracula
763 1795 842 1864 false
854 1795 1060 1889 praedicentur
1073 1828 1080 1874 ;
1110 1797 1161 1864 vel
1175 1796 1270 1866 laicus
1282 1798 1387 1866 Deum

363 1891 443 1959 colat
455 1893 602 1983 tanquam
615 1891 754 1960 minister
768 1890 909 1985 publicus
923 1923 930 1969 ;
956 1891 1005 1958 vel
1020 1891 1088 1982 quis
1102 1891 1320 1960 revelationem
1332 1893 1387 1961 lin·

362 1986 489 2080 gatrsibi
503 1986 636 2071 lactem,
653 1987 775 2055 etiamsi
788 1987 830 2055 ad
843 1985 960 2054 animas
972 1985 1136 2054 lucrandas
1147 2001 1182 2073 et
1193 1987 1386 2074 devotionem

363 2083 547 2174 augendam.

404 2177 648 2246 Continentlraec
662 2175 818 2246 ordinarit
830 2175 971 2244 mortale.
1172 2233 1186 2265 Α.

404 2271 523 2364 Turpis
538 2288 583 2340 est
596 2273 718 2364 quando
733 2271 862 2340 involvit
875 2271 993 2365 aliquid
1005 2268 1114 2366 turpe,
1125 2271 1166 2341 'ut
1178 2273 1327 2344 musicam
1345 2273 1387 2342 ad

363 2365 523 2434 lasciviam
536 2381 766 2458 provocantem.

404 2456 481 2527 Non
494 2460 617 2528 videtur
629 2474 702 2526 tunc
715 2459 879 2528 admittere
891 2460 1047 2529 levitatem
1060 2463 1208 2541 materiae.

404 2553 551 2623 Tandem
563 2552 732 2646 superfluus
748 2568 793 2622 ast
806 2558 879 2621 clun
891 2553 1064 2626 nullatenlrs
1077 2558 1220 2626 conducit
1233 2558 1274 2626 ad
1282 2555 1387 2627 Deum

365 2647 546 2732 colendum,
574 2647 768 2717 devotionem
788 2649 998 2734 excitandam,
1026 2652 1182 2744 passiones
1196 2651 1385 2732 domandas,

365 2744 416 2813 tel
428 2749 499 2812 edm
516 2744 557 2812 ad
572 2739 627 2811 hos
642 2744 717 2812 fines
732 2744 892 2813 ordinatur
906 2749 1014 2814 contra
1032 2745 1095 2814 Dei
1109 2761 1162 2814 aut
1176 2744 1327 2814 Ecclesiae
1338 2745 1388 2812 in-

365 2839 555 2910 stitutionem
569 2855 599 2908 ct
612 2839 882 2920 consuetudinem
910 2857 944 2910 ut
967 2842 995 2910 si
1017 2841 1087 2935 quis
1107 2841 1303 2912 caeremonias
1324 2865 1392 2910 non

366 2934 559 3028 prescriptae
572 2934 698 3027 praescri
721 2934 760 3002 tis
772 2934 932 3028 praelerat.

408 3027 517 3096 Cultus
529 3027 581 3095 hic
594 2961 735 3098 mortalis
751 3055 817 3100 esse
832 3047 953 3126 potest;
979 3031 1035 3100 sed
1048 3035 1129 3125 saepd
1142 3031 1271 3102 venialis
1290 3046 1336 3102 est
1350 3057 1390 3102 erc

367 3122 491 3192 levitate
500 3123 652 3204 materiae,
671 3140 701 3192 et
714 3125 825 3218 sapidos
839 3152 876 3194 ex
888 3119 969 3194 hond
983 3127 1043 3196 fide
1058 3141 1088 3193 et
1102 3126 1290 3216 ignorantid,
1308 3151 1389 3222 prm·

368 3222 475 3287 sertim
488 3222 558 3286 antd
572 3217 736 3316 specialem
754 3213 906 3290 Ecclesiae
916 3219 1155 3316 prohibitionem
