2948 4676
273 423 286 444 ,Ι
561 363 863 443 emnraanprm.
972 368 977 378 ·
1176 353 1229 427 δι’

119 517 123 522 ¹
200 456 1225 523 tartonscnnendam‚remrtrttnrrptrttoapoenttanttarehtmem,etntaattetactto

189 525 300 580 ,attonde
311 539 361 574 non
369 528 514 588 negligatur.

231 591 266 660 (ct)
277 595 302 643 Si
311 597 381 643 Bulla
392 589 470 644 dicat':
478 597 600 658 praemiare
609 597 777 646 romomcntatr'
785 597 935 658 contentane,
944 599 1002 647 vel:
1015 602 1056 661 pne·
1064 603 1163 662 conserat
1171 605 1224 664 stae·

200 665 257 722 rtnt,
267 665 305 710 sat
314 665 477 713 communiter
486 665 575 712 docent
585 665 763 714 contessionem
773 678 826 713 essa
838 667 1050 728 praemittendam,
1062 669 1158 718 etiamst
1172 673 1223 722 sota

189 733 307 782 -renintia
317 735 511 794 commisserint,
520 735 568 782 nisi
579 731 806 795 tortlemoremquis
816 736 906 784 habeat
914 740 991 786 mmet
1000 740 1087 786 sarran
1095 739 1123 788 tn
1132 739 1224 790 hebdo-

200 803 274 853 made
281 803 412 850 confitendi
422 816 429 864 ;
440 805 498 864 qnia
508 799 543 852 it'a
554 804 690 854 declarasse
702 804 789 852 dicunt
799 805 951 854 Clementem
960 809 1024 854 xm.

229 869 325 919 Slvere
344 871 413 918 Bulla
427 871 493 920 dicat
509 871 606 922 oollam:
624 875 728 922 contritio
743 877 766 922 et
779 874 887 934 confracta
895 907 904 933 ,
919 876 962 924 aut
971 873 1223 940 oertpoear'tcattbnret

198 941 483 1001 masena,reriatmilida
491 943 538 1003 est,
549 944 570 992 st
579 943 659 991 forsan
670 943 802 990 anllaeum
814 939 933 1005 excipias,
944 943 1071 997 renalium
1081 942 1160 996 aolrlm
1172 947 1223 997 relr
1293 1003 1295 1011 Δ

199 1009 375 1058 contessionem
388 1023 437 1059 non
446 1023 499 1060 esee
510 1013 688 1074 praescriptam.

228 1079 633 1141 Notaccontessio‚anttocoe1us
650 1080 783 1142 contritio,
793 1083 821 1129 ln
834 1082 920 1130 ordine
939 1083 971 1130 ad
982 1083 1125 1132 lucrandam
1139 1083 1224 1145 tndub

199 1147 307 1266 ppnltiam
317 1148 367 1196 diet
383 1149 459 1201 alieni
468 1150 582 1226 altram,
597 1163 647 1202 non
657 1150 732 1200 debet
750 1151 890 1212 precedere
905 1153 998 1214 primae
1012 1165 1128 1216 vesperae
1145 1154 1223 1213 hatur

226 1230 239 1268 e

573 1268 575 1272 ι
590 1298 592 1303 Ι
654 1281 773 1298 ρ

205 1413 207 1418 .
238 1356 292 1432 84.
308 1351 505 1444 Indulgentia
515 1351 577 1435 rei,
593 1379 625 1420 v.
638 1377 672 1444 g.
685 1401 693 1436 ,
706 1377 829 1420 coronae
841 1354 1021 1444 precatoria
1032 1353 1126 1422 affixa
1134 1405 1143 1436 ,
1157 1379 1222 1423 non

199 1447 307 1515 transit
320 1447 402 1515 ultra
416 1469 598 1542 personam,
615 1447 689 1542 qnia
698 1440 771 1516 licdt
782 1448 873 1517 realis
884 1501 892 1532 ,
903 1449 945 1516 ad
958 1475 1124 1542 personam
1138 1449 1221 1518 ordi·

199 1569 269 1614 nem
282 1542 369 1612 dicit.
575 1560 579 1569 ·

239 1637 315 1708 Non
327 1653 447 1720 tamen,
458 1653 493 1706 ut
503 1637 695 1732 suspicantur
705 1637 842 1731 quidam,
852 1637 1003 1706 amittitur
1015 1637 1219 1730 indulgentia,

200 1733 226 1801 si
241 1759 289 1802 res
308 1733 357 1802 cni
370 1733 463 1801 affixa
477 1749 523 1801 est
536 1787 544 1816 ,
559 1733 649 1803 alteri
663 1734 895 1817 commodetur,
916 1733 1011 1802 modi)
1034 1759 1097 1802 non
1113 1734 1155 1802 ad
1174 1733 1220 1804 lu·
1242 1747 1245 1758 ''

200 1830 346 1898 arandam
358 1828 593 1920 indulgentiam.
767 1888 771 1897 .
921 1831 923 1838 '

238 1923 325 1992 Bene
335 1928 409 1992 verb
419 1924 447 1992 si
456 1925 500 1992 ica
506 1924 693 2009 destruatur,
706 1923 868 2008 utendam,
879 1923 1039 1994 moraliter
1050 1922 1218 2019 loquendo,

199 2036 440 2090 nonremaneat.
529 2033 532 2039 ’
948 2053 950 2060 ’

656 2106 776 2124 Ἀ

212 2211 217 2217 ’
239 2193 291 2257 85.
305 2174 400 2258 Circa
413 2211 482 2282 quaa
491 2189 683 2260 notandumc
1048 2253 1055 2258 .

244 2290 273 2348 1⁰
284 2283 518 2377 Indulgentiam
526 2283 697 2380 plenariam
709 2283 773 2353 diei
786 2276 912 2352 affixam
925 2279 1039 2352 lucrari
1052 2280 1170 2375 pluries
1184 2281 1218 2350 in

198 2379 251 2448 die
263 2403 353 2448 nemo
365 2396 480 2474 potast5

240 2471 310 2544 Nec
322 2473 425 2568 plures
436 2501 491 2570 per
504 2474 684 2568 idemopus.
784 2525 788 2530 -
1008 2525 1011 2530 -

239 2568 306 2638 Sed
317 2569 506 2665 plenariam,
520 2593 576 2663 per
586 2585 682 2640 totam
703 2585 844 2638 octavam
863 2566 992 2657 alicujus
1009 2564 1081 2636 lasti
1097 2564 1219 2636 lucran-

198 2663 285 2748 dam,
300 2664 430 2756 singalis
447 2665 529 2732 intra
543 2665 671 2749 diebus,
685 2663 801 2734 lucrari
811 2663 941 2758 quisque
950 2677 1050 2756 potest
1060 2711 1069 2746 ,
1080 2661 1114 2730 ni
1122 2661 1219 2730 Bulla

199 2756 287 2828 aliter
302 2760 401 2838 dicat;
795 2817 797 2824 .

239 2854 319 2922 Item
328 2853 624 2950 partialem-pluries
639 2853 748 2923 eddom
762 2853 830 2936 dia,
847 2849 1013 2946 repetendo
1023 2848 1108 2920 idam
1121 2871 1219 2944 epm,

199 2947 330 3016 nialiter
343 2949 475 3016 dicatur.

239 3043 404 3113 Pensanda
419 3047 494 3134 ergd
506 3044 610 3113 'omnia
622 3043 718 3111 verba
727 3041 828 3110 Bulla¹
839 3064 893 3110 sen
906 3039 1029 3108 Brevis.

239 3144 273 3208 2⁰
285 3138 408 3208 Eadem
420 3138 562 3208 Ecclesia
575 3140 697 3232 gemind
710 3135 900 3229 indulgentid
913 3133 1006 3232 potiri
1015 3127 1132 3228 nequit.

238 3234 388 3302 Attamen
411 3235 471 3329 piae
490 3235 768 3317 confraternitates,
789 3233 822 3302 in
844 3234 912 3302 loeo
936 3233 1000 3322 jam
1025 3227 1233 3323 indulgentil,

199 3328 484 3412 communidonato,
500 3330 811 3426 specialemobtinere
820 3343 958 3424 possunt.
1022 3412 1026 3418 ι

239 3427 273 3492 3⁰
287 3421 727 3520 Circaaltariaprivilegiatar
1132 3505 1137 3510 ,

239 3515 349 3588 Cessat
368 3519 569 3614 privilegium
584 3524 623 3590 ed
636 3519 709 3588 anni
729 3535 816 3614 parte
827 3519 876 3605 (a)
889 3519 952 3611 qud
965 3539 1027 3584 nen
1044 3508 1218 3620 celebrator

198 3610 282 3681 idem
301 3612 467 3684 missarum
478 3609 623 3684 numeras
637 3614 691 3709 qui
712 3611 1060 3707 in-supplieaexpositm
1077 3619 1136 3674 est.
1162 3605 1217 3710 Src

198 3705 414 3778 declaravitS.
427 3710 636 3802 congregatio.
965 3773 968 3781 ,
1204 3715 1205 3718 ’
1268 3779 1287 3790 ,Α

239 3802 339 3872 Missa
350 3801 384 3870 in
400 3803 439 3872 iis
460 3805 607 3874 altaribus
621 3829 680 3900 pro
697 3801 850 3873 delmona
863 3800 1034 3882 celebrata,
1049 3797 1112 3867 illis
1123 3797 1218 3866 debet

198 3895 345 3990 applicati
355 3949 364 3985 ,
375 3911 406 3969 et
421 3905 486 3972 asse
499 3901 628 3994 propria
641 3899 870 3984 defunetornm,
886 3896 1019 3990 exceptis
1033 3895 1141 3985 diebus
1162 3891 1216 3960 do·
