2932 4658
286 301 356 382 352?
463 317 517 380 ue
539 327 671 380 sauro
691 323 741 378 su
760 323 877 381 nouo
898 317 1134 384 remunero

316 413 352 478 (o)
361 409 461 464 Etimusi
471 415 586 462 intersint
602 415 698 473 vestes,
712 412 849 474 praesertim
859 418 938 464 solum
950 415 1076 466 indusium
1086 431 1093 466 r
1104 419 1180 468 etiam
1190 412 1223 468 εἰ
1237 415 1312 482 loco}

284 483 400 542 leuitate,
417 483 567 542 curiositate,
576 483 598 532 si
609 495 719 542 personae
732 484 781 532 siut
791 485 882 532 diversi
893 483 976 533 sends.
995 489 1108 536 Biitaurt.
1118 489 1149 536 ut
1167 488 1305 550 ordinarie,

283 553 433 613 quicumque
444 565 516 600 sexus
525 551 566 610 sit,
578 552 674 599 etiamsi
686 553 738 600 bec
750 551 1007 614 cluniacensesque
1018 555 1307 617 graviterprovocautad

283 621 414 668 libidinem
423 621 488 681 quod
498 621 526 670 ut
536 620 686 668 ordinarium
696 633 746 667 non
757 617 830 669 sacili
842 623 979 682 crederem,
989 621 1012 670 si
1021 621 1103 682 jocose
1114 626 1140 673 et
1148 625 1237 676 leviter
1245 625 1307 674 liant

283 689 349 738 tuter
357 702 481 750 personas,
491 689 600 747 eiusdem
610 702 692 738 sexus.
705 691 785 738 Collrt.

274 765 277 774 ’
313 759 423 807 attactus
433 759 538 806 uberum
553 757 674 818 foemina,
686 757 823 818 praesertim
832 758 884 817 lam
899 759 1013 820 puberis,
1024 760 1090 808 inter
1102 761 1229 809 inhonesta
1240 762 1265 810 et
1274 760 1305 808 li-

283 823 393 873 bidinosa
404 827 590 886 computantur,
601 827 627 874 et
644 827 774 891 damnatus
783 822 843 875 esti
854 829 987 876 benedicto
1002 829 1057 876 xlv
1067 830 1132 878 liber
1146 830 1189 892 qui
1207 829 1306 878 dicebat

282 891 329 942 boc
344 907 397 942 esse
407 895 438 942 de
454 907 480 942 se
495 895 602 942 veniale.
614 897 728 942 Mortales
749 891 1043 955 suut,inquitl).1int.i
1057 897 1165 958 Goritii,
1182 893 1238 946 cum
1247 900 1305 948 suut

282 964 361 1022 pressi
373 965 397 1011 ei
406 965 504 1022 morosi,
514 964 624 1011 nautales
634 962 693 1012 verb
704 965 725 1010 si
736 965 805 1011 leves
816 964 842 1010 et
852 966 1016 1019 transeunter.
1025 963 1088 1012 Saue
1104 968 1244 1014 addendum
1254 968 1303 1015 sal-

281 1031 345 1080 tem:
358 1034 405 1081 uisi
416 1035 474 1080 dant
483 1034 572 1080 aiiectu
583 1033 724 1079 libidinoso.
972 1033 984 1046 '
1013 1051 1018 1059 -

312 1097 399 1149 lucam
409 1103 496 1162 faciei,
506 1101 653 1160 compressio
662 1112 781 1147 manuum
789 1099 855 1147 inter
864 1111 979 1159 personas
992 1100 1082 1152 diuersi
1093 1100 1167 1151 sexis
1178 1116 1210 1151 ex
1219 1116 1303 1154 amore

280 1167 356 1216 sexus
371 1171 412 1218 rel
438 1183 470 1217 ex
485 1170 609 1230 uoluptate
631 1167 774 1228 excitandi,
794 1164 902 1228 practice
923 1169 989 1216 inter
1006 1170 1135 1236 libidinosa
1152 1173 1303 1220 recensenda

281 1238 347 1296 suut,
358 1239 433 1287 eliam
443 1239 542 1298 propter
552 1237 690 1297 periculum
701 1237 834 1284 carnalium
850 1237 1040 1285 commotionum
1060 1239 1086 1285 in
1100 1240 1213 1299 utroque.
1228 1243 1301 1289 Dea.

242 1341 247 1346 .
282 1300 384 1369 [blida]
393 1304 434 1358 Ast
444 1308 465 1355 si
476 1319 508 1355 er
516 1319 597 1354 amore
609 1303 801 1366 serds'praecise',
809 1318 853 1354 seu
858 1317 890 1353 ex
901 1303 943 1352 illi
953 1307 1058 1355 naturali
1064 1308 1094 1355 ad
1105 1309 1301 1357 alterumsexum

281 1374 456 1436 inclinatione,
468 1377 521 1424 sine
530 1376 680 1424 uiloailectu
690 1375 822 1422 libidinoso
833 1375 858 1421 et
866 1371 945 1421 soum
955 1377 1118 1437 transeunter,
1124 1377 1238 1438 chidem
1249 1378 1301 1426 baec

273 1444 353 1505 plena
364 1447 420 1499 sunt
430 1443 549 1505 periculi,
561 1444 604 1492 sed
613 1456 662 1490 non
673 1444 789 1492 auderem
796 1443 927 1490 'affirmare
937 1445 968 1492 l).
984 1445 1051 1493 Deus
1060 1457 1110 1492 non
1125 1457 1177 1494 esse
1188 1441 1229 1494 bic
1237 1446 1300 1494 ulla·

280 1511 353 1561 tennis
363 1513 513 1574 rigidiorem,
524 1515 610 1561 saltem
623 1515 643 1560 si
654 1512 717 1561 absit
727 1514 876 1573 periculum,
888 1515 936 1562 eto.

309 1579 383 1630 luxti
393 1585 476 1643 plures
486 1579 500 1630 l
510 1582 607 1630 mortali
621 1584 785 1642 exerceantur,
802 1593 834 1630 ex
845 1583 946 1631 levitate
958 1583 983 1630 et
997 1583 1050 1632 sine
1066 1583 1131 1632 maio
1140 1579 1190 1632 dne
1200 1584 1308 1654 tangen-¹

279 1649 319 1698 tes
331 1649 339 1713 (
350 1655 375 1699 et
385 1648 399 1699 a
408 1653 503 1700 fortiori
511 1651 658 1712 aspicientes
669 1649 694 1712 l,
705 1663 785 1710 crura,
796 1652 901 1709 collum,
911 1652 1040 1711 humeros,
1050 1655 1149 1719 pectora
1158 1647 1238 1714 quaid
1245 1664 1300 1714 par-

280 1717 331 1766 tem
340 1721 499 1780 superiorem,
509 1714 580 1778 iuxta
590 1729 684 1765 morem
698 1719 783 1778 patriae
794 1718 860 1766 vIsui
880 1720 1007 1780 exposita3
1019 1721 1077 1780 quia
1090 1721 1143 1768 haec
1156 1733 1205 1768 uon
1221 1720 1299 1768 solent

280 1788 387 1844 graviter
397 1801 560 1836 commorere.
571 1787 612 1834 Sat
627 1784 686 1835 vere
698 1800 705 1832 a
717 1787 761 1834 sed
770 1787 797 1834 bi
808 1787 887 1836 tactus
894 1799 993 1847 semper
1002 1789 1136 1848 periculosi
1162 1785 1299 1838 maximin

280 1852 308 1900 iu
322 1867 402 1903 crura.

311 1925 343 1972 ut
353 1925 449 1979 verriale
458 1925 533 1974 babet
550 1926 654 1977 Billuart
661 1925 725 1988 qubd
735 1925 830 1976 ancillae
841 1925 867 1972 et
877 1912 1002 1982 nutrices,
1013 1923 1125 1983 lavando,
1136 1923 1259 1971 induendo
1271 1925 1299 1973 et

279 1990 349 2054 aliis,
360 1995 489 2043 infantium
500 1997 614 2056 pudenda
621 2009 652 2045 ex
660 1995 799 2044 curiositate
810 1995 853 2042 aut
861 1993 963 2041 levitate
973 1993 1082 2052 tangant.
1092 1994 1129 2040 dn
1139 1993 1184 2040 hoc
1193 1993 1298 2041 mortale

279 2061 313 2110 sit
322 2062 417 2111 dubitat
434 2065 525 2124 Collei,
546 2067 577 2113 ob
594 2066 701 2126 aliquem
718 2064 830 2112 libidinis
840 2075 938 2113 seusam
952 2062 995 2124 qui
1006 2058 1079 2110 tacite
1089 2062 1169 2122 potest
1179 2059 1220 2108 bic
1234 2061 1300 2109 irre-

278 2142 349 2192 pere.
359 2133 429 2180 Ratio
438 2133 565 2182 dubitandi
576 2135 653 2194 major
672 2135 816 2193 accederet,
834 2129 885 2182 ino
897 2127 959 2178 torte
973 2132 1002 2178 ut
1018 2130 1155 2177 mortaliter
1170 2141 1218 2176 reas
1238 2135 1299 2177 cen·

278 2201 360 2248 seudae
372 2196 451 2250 'iorent
459 2203 480 2249 si
489 2203 542 2252 baec
552 2201 657 2263 morose,
667 2204 708 2252 vel
719 2202 829 2252 iterando
840 2200 945 2259 iaciant,
962 2196 1035 2258 lieet,
1045 2199 1074 2246 ut
1083 2199 1185 2259 putant,
1195 2195 1298 2250 exieri-

278 2266 344 2326 tate,
354 2270 441 2318 saltem
452 2271 482 2317 ob
494 2273 648 2332 periculum,
660 2273 710 2320 etc.

309 2337 358 2384 Sed
369 2335 464 2386 facilius
475 2334 489 2388 i
498 2341 594 2388 mortali
604 2339 753 2387 excusantur
760 2336 850 2384 matres
855 2349 909 2397 quae
919 2335 973 2384 ber
982 2331 1216 2398 sulbmpepouus
1223 2330 1297 2398 quim

276 2401 383 2454 obsceno
394 2418 475 2461 amore
484 2409 531 2455 sibi
543 2407 698 2468 permittunt.

308 2475 401 2535 Proprii
412 2478 519 2538 eorporis
527 2471 638 2536 tantuna
649 2474 743 2522 fortiori
754 2473 884 2534 aspectus,
893 2465 985 2522 nonita
997 2474 1112 2536 monent,
1122 2473 1237 2536 inquiunt
1246 2474 1298 2522 Bil-

277 2538 352 2603 luart,
363 2547 433 2606 pater
442 2545 545 2592 'thomas
555 2545 581 2591 et
590 2546 617 2590 P.
628 2544 691 2602 Ant,
702 2543 887 2602 postSaucl1e23
899 2543 924 2590 et
933 2543 954 2590 si
965 2542 1024 2591 fiant
1035 2543 1224 2604 excurrentes,
1235 2543 1298 2592 leri-

277 2609 343 2670 tate,
355 2614 445 2676 absque
453 2611 557 2658 libidine
566 2611 592 2659 el
604 2611 695 2669 absque
710 2609 813 2671 praevisa
824 2610 988 2658 delectatione
1007 2607 1128 2669 venerei,
1144 2625 1199 2672 quae
1214 2608 1298 2660 statim

277 2680 439 2740 reprimatur,
448 2679 469 2726 si
480 2680 585 2738 exunat
596 2680 730 2739 ,actusque
748 2679 893 2739 deseratur,
904 2691 953 2726 non
969 2680 1026 2727 sunit
1037 2681 1164 2739 mortales3
1179 2679 1236 2740 quia
1247 2693 1298 2729 uon

278 2746 413 2798 intervenit
424 2747 510 2796 eadem
521 2748 662 2808 taupitudo,
673 2761 721 2798 nec
731 2749 799 2797 idem
813 2749 953 2810 periculum
970 2742 1044 2810 quim
1058 2748 1086 2796 iu
1104 2750 1211 2809 corporis
1220 2748 1297 2798 alicui

276 2817 409 2877 partibus!
1301 2815 1306 2824 “

307 2885 355 2932 Sed
365 2881 422 2934 edm
432 2882 534 2934 diliicile
547 2881 676 2946 aliquando
687 2885 845 2944 dignoscatur
853 2899 903 2947 quo
913 2887 994 2936 animo
1003 2886 1057 2934 bec
1067 2884 1143 2947 daut,
1156 2885 1183 2934 et
1192 2885 1242 2935 sint
1251 2896 1296 2947 pe-

276 2952 392 3013 riculosa,
402 2956 433 3001 ab
444 2955 483 3001 bis
494 2953 634 3002 deterrendi
644 2953 764 3013 juvenes,
772 2950 823 3002 imo
833 2955 859 3002 et
869 2955 988 3016 infantes,
996 2955 1055 3017 quia
1065 2954 1294 3016 edueeteducet«

275 3021 390 3081 possem,
402 3021 427 3068 et
437 3021 571 3080 pudorem,
582 3021 709 3080 pudicitia
719 3033 828 3082 murum,
839 3023 965 3072 auieruut.

305 3089 393 3136 'lactus
407 3088 576 3149 pudendorum
594 3101 712 3148 pecorum
722 3091 894 3156 grandiorum,
906 3092 1021 3140 mortales
1033 3091 1105 3150 sunt,
1118 3090 1149 3138 ob
1157 3089 1296 3138 naturalem
1348 3093 1353 3102 ⁴

275 3153 365 3216 nempe
376 3157 549 3216 indecentiam,
560 3157 650 3215 objecti
661 3158 838 3207 obscenitatem
849 3173 971 3221 magliam,
978 3161 1004 3208 et
1014 3157 1227 3225 inflammationem
1235 3154 1295 3203 libi-

275 3224 349 3274 dinis.
358 3227 440 3276 Potest
449 3226 474 3274 et
483 3237 536 3274 esse
546 3227 581 3274 ibi
592 3225 749 3274 bestialitatis
759 3229 864 3278 malitia.
874 3232 986 3287 Bitluort,
997 3231 1045 3275 etc.

305 3293 355 3342 Sed
362 3297 464 3345 absente
474 3294 538 3344 mali
544 3296 691 3354 intentione,
700 3297 859 3360 periculoque
871 3294 1037 3346 consentiendi
1046 3291 1164 3351 voluptati
1170 3303 1295 3356 venerea,

274 3363 358 3412 emnia
373 3364 426 3412 buc
444 3366 547 3412 excusat
557 3377 631 3413 causa
645 3365 775 3427 legitima,
785 3368 813 3416 ut
824 3365 951 3421 medendi,
961 3362 1061 3418 wotos
1077 3359 1196 3420 iuuandi,
1206 3361 1233 3409 iu
1243 3357 1296 3409 bai·

274 3433 330 3484 ucis
340 3432 474 3489 serviendi,
484 3433 597 3491 quamvis
610 3434 691 3481 motus
701 3435 830 3494 exaugeat.
849 3427 929 3480 satiris
938 3431 1019 3476 umen
1029 3427 1134 3477 utuntur
1143 3430 1295 3494 tuucperso-

274 3501 314 3551 uis
324 3501 435 3560 eiusdem
445 3499 529 3548 sends.
683 3559 689 3566 l

305 3568 342 3632 (b)
354 3570 445 3617 Saltem
455 3569 514 3618 tunc
524 3565 619 3618 ratione
632 3569 808 3631 cooperationis
817 3564 917 3628 peccato
925 3563 1028 3624 agentis.
1037 3562 1151 3616 Graviter
1160 3579 1217 3629 erro
1226 3567 1295 3616 teuc·

274 3640 317 3687 tur
326 3640 424 3698 paticus
433 3637 555 3700 impedire
564 3639 633 3701 bec,
643 3642 670 3690 et
677 3641 792 3698 inutiles,
803 3634 911 3696 memus
927 3635 1029 3684 uitales
1038 3667 1047 3697 ,
1056 3637 1140 3698 uetus,
1151 3637 1294 3706 aspecturus

274 3707 438 3756 medicorum.
818 3739 823 3746 ·
1229 3720 1232 3726 ’

306 3771 339 3836 (c)
357 3777 415 3824 llaec
425 3769 512 3826 ultima
520 3777 595 3826 rerba
604 3777 661 3826 sunt
671 3775 747 3826 theol.
758 3771 824 3821 ‘elec
835 3771 884 3820 Sed
897 3772 924 3822 et
940 3771 1045 3824 Billuar'l
1060 3770 1294 3824 imortaliexcusat

275 3833 1294 3912 intentesimpubereseiusdemsexisinpudicesetaugeuteseaiococlientule,
1319 3785 1414 3930 γ’*

169 3947 248 4151 Ji
266 4005 460 4219 praej&
481 3953 1008 4242 Wjsffl'a‘fld
1040 3946 1216 4079 W
1256 4010 1265 4022 “
