2932 4658
258 331 330 432 296
516 353 569 406 un
590 352 763 420 ousn‘ro
784 347 1020 405 rnmcnnro

267 472 270 476 ·
286 434 489 556 Aiortiorlstinit
496 451 547 490 non
556 435 627 500 reri,
636 439 810 490 auctoritatem
820 439 948 502 paternam
960 436 1033 500 quad
1043 436 1159 488 emicent
1167 439 1213 490 aut
1227 451 1290 490 com

255 509 423 570 temptibilem
440 521 467 556 re
484 509 552 557 dant.

270 577 273 582 '
286 577 381 626 inferes
390 571 618 627 mortalitercontr'a
626 576 793 626 obedientiam
801 575 973 638 peecareqni,
983 587 1033 623 non
1041 575 1153 624 obstante
1163 576 1291 638 praecepto

255 643 364 762 :igoroso
374 647 400 692 et
408 647 453 762 siglo
464 647 547 763 Ἦ,
564 658 680 762 personas
696 647 781 762 logne
795 645 1117 762 ρῖιίοιὸιΙοεεΙῐτοἮιεῃωιιῗ
1129 646 1155 742 et
1164 645 1222 694 filias
1231 657 1286 708 qnae

286 725 513 843 gamaram,
524 725 647 833 Sam
654 727 743 844 ¹limes
752 727 896 832 Kumebnkffiltel·
906 725 1094 843 &tunam
1105 727 1148 775 m,

287 851 351 911 Qui,
361 865 416 912 quas
434 853 466 900 ad
476 853 568 901 bonum
584 853 695 912 regimen
715 863 851 912 pacemque
872 852 972 900 familiae
983 845 1090 899 multum
1100 853 1227 912 speciem,
1236 863 1286 900 non

258 921 430 984 exequuntnr3
449 922 510 980 quin
521 921 547 968 et
558 921 639 968 omnia
650 933 694 981 pro
706 921 770 968 nutu
782 933 825 968 sno
834 920 1004 968 administrare
1016 920 1117 980 solunt,
1129 919 1211 980 spreti
1221 916 1286 981 saepd

257 989 389 1045 parentum
406 990 568 1048 anctoritate,
579 983 637 1049 eret
655 1002 717 1049 quos
735 989 824 1048 gerunt
832 1001 858 1036 se
869 988 939 1050 quasi
951 983 1008 1048 erat
1019 989 1149 1048 externos,
1160 989 1291 1038 silentium

256 1059 428 1121 imponentes,
439 1058 619 1122 aliquandbqnc
630 1061 743 1110 dicentes
754 1075 761 1107 r
771 1063 837 1110 lliluil
846 1063 917 1112 lobea
926 1062 1187 1123 mibisproecipiendam

286 1128 350 1188 Qui,
360 1130 505 1189 parentibus
523 1131 682 1189 inconsultis,
701 1131 885 1194 matrimonium
899 1130 999 1189 ineunt,
1011 1131 1052 1178 vel
1067 1131 1158 1177 ducere
1173 1127 1290 1177 recusam

256 1193 350 1256 telem,
361 1193 418 1245 crim
429 1198 544 1257 parentes
554 1197 593 1256 id,
605 1199 672 1257 gravi
684 1199 715 1246 de
726 1197 812 1258 caust,
824 1199 985 1260 praecipiunt,
997 1211 1022 1246 v.
1031 1211 1065 1258 p,
1076 1199 1108 1246 ad
1115 1198 1244 1258 sopiendas
1254 1197 1290 1244 si·

256 1264 374 1314 multatas
382 1265 544 1326 periculosas,
554 1267 596 1314 rel
611 1279 704 1326 magnae
721 1268 852 1328 parentum
866 1267 1008 1315 necessitati
1019 1267 1227 1325 subveniendum,
1238 1265 1287 1313 nisi

256 1332 342 1450 tizam
352 1334 451 1394 maie,
462 1324 523 1383 cnm'
529 1335 686 1396 proportione
696 1367 704 1396 ,
715 1337 763 1384 sibi
781 1332 848 1395 justa
866 1335 1029 1398 permiscant,
1039 1348 1065 1385 v.
1076 1337 1115 1396 ι’,
1127 1348 1159 1383 ex
1169 1331 1287 1396 permissa

301 1403 349 1450 olo.
978 1445 983 1452 .

287 1471 416 1532 Attamen,
428 1467 484 1520 cium
496 1483 528 1520 ex
539 1474 569 1520 D.
580 1471 690 1532 Themi,
701 1473 728 1520 in
739 1473 779 1521 bis
789 1486 845 1534 quse
855 1473 886 1521 ad
901 1474 1014 1521 naturam
1023 1473 1137 1534 spectant
1146 1485 1195 1522 non
1204 1473 1288 1520 mnes·

257 1539 299 1590 lnr
307 1542 379 1590 bomo
391 1541 485 1590 bomini
496 1542 611 1601 obedire,
620 1543 664 1590 sed
674 1537 753 1590 solium
763 1544 815 1590 Deo
823 1541 832 1603 (
840 1544 870 1590 nt
880 1555 923 1602 pro
940 1543 1097 1590 matrimonio
1108 1541 1286 1600 contrahendo,

257 1609 428 1660 autservandt
436 1613 577 1670 amnicus
590 1610 610 1672 l,
618 1613 738 1672 quilibet,
747 1613 805 1672 post
814 1623 890 1659 annos
898 1613 1050 1671 pubertatis,
1062 1611 1203 1660 libertatem
1212 1610 1288 1658 babet

256 1681 289 1728 ad
297 1693 326 1728 en
336 1693 391 1741 qua
400 1681 512 1740 spectant
520 1680 551 1727 ad
559 1681 744 1740 dispositionem
754 1679 845 1745 statuis,
856 1676 992 1740 praesertlm
1001 1681 1026 1726 ln
1036 1681 1067 1727 iis
1076 1693 1131 1740 quas
1141 1680 1199 1727 sunt
1209 1678 1288 1726 divim

257 1750 379 1809 obsequii.
389 1745 458 1797 usos
468 1759 517 1796 non
527 1750 631 1808 peccant
639 1749 657 1795 ii
667 1749 772 1809 quibus,
783 1759 833 1796 non
847 1759 890 1796 suo
901 1749 945 1796 sed
962 1747 1114 1808 prudentum
1131 1749 1240 1807 judicio,
1255 1747 1287 1795 de

257 1819 385 1866 voluntate
395 1815 479 1866 divini
490 1816 584 1864 constat
594 1849 602 1876 ,
620 1817 677 1876 qui,
688 1818 766 1876 petito
776 1817 820 1864 sed
828 1817 899 1865 ranis
906 1817 1069 1876 praetextibus
1077 1817 1189 1866 recusato
1199 1827 1291 1875 paren-

257 1887 312 1932 tnm
323 1893 451 1947 conmnsu,
467 1886 560 1934 statum
571 1885 726 1945 clericalem,
737 1885 895 1944 religiosum,
906 1886 949 1932 eut
963 1886 1168 1933 matrimonialem
1178 1885 1290 1943 amplec-

257 1954 354 2001 tuntur.
363 1952 415 2003 inb
423 1956 486 2004 tales
494 1966 547 2002 esse
555 1954 654 2014 possent
663 1953 863 2013 circumstantie,
873 1953 958 2002 utnon
967 1955 1073 2015 peccent
1082 1965 1130 2002 nnn
1138 1953 1293 2002 commendo

257 2026 382 2085 parentes.

288 2093 319 2143 at
327 2089 383 2142 edm
390 2093 498 2141 Ecclesia
505 2085 668 2142 matrimoniis
676 2091 808 2140 benedicat
816 2101 901 2139 eoram
906 2093 960 2151 qul,
967 2091 1052 2140 inritis
1060 2091 1135 2144 etiam
1143 2089 1289 2151 parentibus

258 2165 372 2222 nubunt,
381 2158 465 2210 conda
481 2161 648 2209 obedientiam
663 2161 771 2220 graviter
782 2173 885 2221 peccare
895 2160 923 2209 bi
932 2171 982 2208 uon
995 2161 1127 2220 videntur,
1138 2161 1185 2208 etsi
1201 2154 1292 2208 contris

257 2233 377 2294 pietatem
388 2232 413 2278 et
424 2232 599 2278 reverentiam.
610 2233 640 2278 P.
649 2232 706 2278 Ant.
717 2229 843 2278 dGositit.

288 2303 393 2348 Peccant
403 2300 503 2347 tandem
511 2299 648 2346 mortaliter
657 2299 701 2358 qui
711 2299 802 2347 litteris
813 2297 889 2346 statul
907 2309 951 2346 sno
962 2297 1180 2356 convenientibus,
1188 2289 1288 2357 ‘etbel-

258 2371 306 2418 bus
321 2369 372 2429 apti
384 2369 454 2428 sunt,
471 2381 571 2428 opernm
589 2367 648 2414 dare
658 2369 773 2414 recusant
782 2401 790 2426 ,
798 2364 865 2417 unde
882 2367 911 2418 at
919 2367 986 2430 qubd
999 2369 1031 2416 dd
1040 2369 1125 2418 munla
1135 2368 1248 2428 publica,
1256 2367 1289 2416 ad

257 2449 313 2500 qnos
323 2436 457 2494 rocentnr,
466 2437 561 2483 nnllam
569 2436 677 2483 habeant
687 2437 861 2496 aptitudinem.

290 2499 410 2553 ceterum
420 2505 520 2566 utrique
530 2504 627 2564 parenti
633 2505 772 2553 resistentia
781 2518 829 2552 non
837 2501 937 2553 videtur
944 2506 992 2556 nisi
1000 2506 1103 2552 unicum
1114 2504 1292 2554 inobedientia

258 2573 402 2636 peceatum,
412 2575 470 2634 quia
480 2573 547 2620 idem
556 2575 593 2621 est
601 2573 752 2635 praeceptum
763 2575 788 2621 et
798 2587 831 2621 ex
842 2575 929 2621 eodem
939 2577 1032 2622 motivo
1040 2575 1066 2621 ln
1075 2573 1161 2622 sidem
1170 2572 1289 2634 materit;

258 2642 303 2690 aed
313 2642 406 2702 duplex
416 2653 469 2689 esse
483 2642 564 2702 potest
582 2653 705 2693 exerrare
717 2643 883 2691 conscientiae.
894 2639 999 2692 abundi
1012 2640 1137 2692 ordinarii
1148 2643 1184 2690 lbl
1194 2641 1291 2702 duplex

259 2710 298 2760 est
307 2711 398 2760 odensa
408 2711 435 2758 et
444 2711 538 2772 duplex
547 2710 648 2758 adirem
658 2712 808 2770 provocatio.
818 2715 891 2760 Deru.

289 2781 349 2828 Nota
359 2781 559 2840 emancipatus,
573 2781 685 2840 quamvis
696 2780 828 2840 honorem,
841 2791 958 2841 amorem,
969 2781 1029 2841 etc,
1039 2781 1183 2844 parentibus
1190 2788 1289 2838 semper

259 2846 363 2909 debeat,
373 2849 400 2897 in
409 2849 440 2897 lis
451 2849 533 2896 tamen
542 2845 644 2908 praecise
652 2861 707 2908 que
717 2848 749 2895 ad
758 2851 920 2898 oeconomiem
927 2850 1086 2902 domesticam
1095 2851 1221 2913 spectent,
1231 2848 1292 2898 sub·

257 2914 571 2978 jectusnonestampllds.
715 2955 721 2965 ,
897 2961 900 2968 .

290 2987 350 3033 Nota
361 2981 451 3034 iterdm
462 3000 468 3032 :
478 2989 513 3033 Ex
524 2986 612 3034 Codice
622 2986 692 3034 cirili
702 2986 835 3046 gallicano,
845 2987 891 3035 lib.
903 2988 927 3048 l,
938 2987 978 3036 tit.
989 2988 1020 3047 9,
1029 2987 1061 3036 de
1073 2988 1194 3050 potestate
1203 2986 1291 3046 peter-

260 3051 306 3113 nt,
327 3053 374 3101 art.
392 3054 454 3102 art:
466 3073 480 3097 e
489 3054 600 3103 lieniant
614 3067 646 3104 ne
656 3058 718 3116 pent
736 3058 861 3116 quitterla
872 3059 967 3105 maison
983 3059 1119 3118 paternella
1130 3069 1185 3104 sans
1195 3058 1218 3102 la
1231 3067 1289 3114 per·

261 3139 276 3164 »
286 3122 387 3170 mission
398 3122 428 3170 de
443 3135 487 3170 son
501 3119 576 3186 pire,
590 3125 611 3171 sl
622 3137 651 3172 ce
661 3125 725 3174 n’est
735 3137 798 3186 pour
811 3125 966 3175 enrdlement
977 3126 1127 3184 volontaire,
1138 3120 1209 3184 apres
1224 3121 1288 3180 racc

261 3207 277 3235 a
289 3190 320 3239 de
331 3191 444 3240 dlx-buit
456 3205 500 3240 ans
514 3190 621 3242 rivolus.
633 3211 648 3236 s

252 3260 257 3270 '
291 3260 339 3308 Sed
350 3259 402 3308 baec
410 3261 527 3309 ridentur
535 3263 619 3310 valore
630 3256 709 3310 soldm
721 3275 767 3324 pro
777 3264 829 3312 loro
838 3265 954 3320 externo,
965 3263 985 3309 si
995 3260 1076 3310 adsint
1086 3257 1195 3306 exeundi
1206 3267 1287 3304 muse

261 3328 424 3376 adiicientes.
434 3331 498 3378 ilinc
507 3329 527 3378 si
538 3331 604 3378 lilius
614 3331 640 3378 in
652 3331 724 3380 dorno
733 3332 834 3394 paterni
846 3328 930 3392 aspere
941 3330 1074 3388 trectetnr3
1085 3327 1128 3374 aut
1138 3327 1159 3374 si
1171 3327 1249 3373 artem
1259 3325 1291 3374 in.

261 3409 334 3458 qnam
345 3398 504 3458 naturaliter,
514 3411 564 3446 non
576 3397 703 3448 ianmstieei
713 3402 853 3461 propendlt,
864 3399 925 3446 uelit
935 3396 1055 3456 ediscere,
1063 3397 1104 3444 vel
1111 3396 1162 3455 jam
1168 3409 1222 3444 rem
1232 3407 1288 3457 pro-

260 3467 341 3526 priam
352 3465 666 3527 came‚petsa,seos1ns
677 3469 750 3518 causa
758 3469 860 3527 iudicio,
871 3465 1021 3526 prudentum
1032 3463 1144 3514 recusati
1155 3467 1290 3527 parentam

260 3533 432 3598 licenttt,non
443 3537 543 3584 videtur
552 3550 655 3598 peccare
664 3537 820 3596 discedendo,
831 3531 902 3582 modb
910 3535 1007 3581 maturo
1018 3536 1130 3596 consilio,
1141 3547 1189 3584 aec
1199 3547 1288 3596 paren-
1347 3579 1351 3590 ,

260 3605 300 3652 tes
311 3607 364 3664 cius
372 3605 446 3668 opert
457 3607 598 3666 indigeant,
608 3608 666 3666 quia
680 3603 881 3654 irrationabiliter
889 3615 915 3650 se
926 3605 1026 3662 gerunt.
1039 3605 1109 3652 Filiis
1120 3607 1188 3653 enim
1198 3615 1286 3665 paren-

261 3673 311 3733 tes,
323 3687 371 3722 non
381 3676 524 3738 parentibus
534 3676 579 3723 blii
588 3676 752 3723 thesaurisare
763 3673 863 3734 debent,
874 3673 957 3734 inquit
967 3674 1105 3735 Apostolus.
1116 3675 1164 3724 Sed
1173 3673 1232 3734 quot
1239 3669 1289 3716 lilii

262 3741 310 3790 sibl
320 3741 360 3792 hic
371 3741 434 3793 malt
444 3745 620 3793 blandiuntur!

293 3809 328 3872 (d)
339 3808 425 3860 eontra
435 3813 603 3862 subventionis
614 3811 722 3860 cilicium
732 3809 838 3871 peccant·
846 3809 934 3871 liberi,
993 3838 1008 3849 -·

293 3879 341 3939 Qui
350 3884 463 3941 parentes
473 3883 505 3932 de
513 3877 642 3932 saluleeui
652 3891 701 3927 non
711 3879 835 3941 curantes,
846 3880 876 3929 ad
884 3881 987 3931 meliora
996 3880 1113 3932 reducere
1122 3873 1200 3926 modis
1208 3872 1290 3936 potst-
