2932 4658
302 287 378 364 320
570 309 625 363 nn
643 295 1063 384 pururoprnnnc'uuro

310 397 316 408 ⁴·
338 396 373 462 (e)
385 389 459 448 cuxei
470 397 564 460 aliquos
574 393 588 448 l
597 399 642 460 bo,
656 397 728 459 luxti
738 402 798 449 aiios
808 397 821 450 l
832 401 877 462 20,
891 403 923 450 50
932 401 972 450 dis
982 401 1056 451 ioelns
1066 399 1188 453 animulas
1198 389 1329 450 carluid

306 469 517 536 communiorem,
529 463 584 518 tio
594 470 614 518 si
624 481 691 530 ruas,
703 471 734 518 ab
744 471 806 519 sossi
817 471 925 520 lumina.
939 469 986 533 (in
1002 471 1077 520 dubio
1085 483 1138 518 mas
1152 473 1332 532 praesumitur)

305 539 407 598 haecque
419 537 457 584 est
466 539 550 597 praxis
561 549 634 586 sacrae
644 541 843 600 poeuiteutiariae,
853 541 903 600 cui,
912 535 1125 600 qucbdpoenaruru
1135 541 1259 588 incursum
1273 553 1331 589 con-

305 607 412 656 iormure
423 619 449 654 se
460 608 562 668 possunt
570 607 720 656 confessarii.
732 609 780 656 sed
791 605 917 658 bodienon
926 610 1014 658 desunt
1024 609 1115 657 medici
1126 609 1169 670 qui
1180 609 1266 656 ioetum
1275 613 1332 657 ani-

306 673 368 722 r'nari
377 675 461 722 dicant
470 671 553 724 statim
564 689 592 726 ac
603 675 722 724 formatus
732 679 779 737 est,
790 680 816 726 et
827 691 872 726 cur
881 691 930 726 uon
940 677 950 725 i
960 674 1029 726 Unde
1043 678 1087 726 vix
1098 678 1124 725 iu
1132 678 1204 738 pruni
1218 677 1270 724 dari
1284 691 1331 739 pc-

303 735 352 794 iesu
363 743 504 792 remedium
514 744 653 793 curativum
664 741 836 814 mairiam&
847 747 955 806 abortus,
966 742 1027 794 iicet
1036 741 1170 805 indirecte,
1180 747 1330 804 praevidetur

301 814 439 860 secuturus.

309 878 417 940 „iretis
427 877 539 938 concepti
550 876 724 936 iudiciumdat
734 879 896 939 Hippocrates
906 881 941 928 sic
950 894 959 928 t
970 897 984 924 a
994 881 1091 927 Mulieri
1102 880 1246 930 dormiturae
1254 881 1331 929 iucu-

302 951 404 1008 surtae,
413 947 520 995 mulsam
530 959 619 1006 aquam
634 945 747 1006 frigidam
757 947 866 1006 praebeto
876 961 886 994 a
897 949 917 996 si
928 949 1138 996 ventristcrminu
1151 961 1222 1012 passu
1238 947 1328 1009 luerit,

301 1033 317 1060 »
327 1016 452 1076 concepit3
464 1015 502 1064 siu
512 1009 595 1062 ruinius
614 1027 664 1061 nou
674 1015 795 1074 concepit.
807 1031 821 1056 u
837 1017 971 1064 cornilolus.

333 1085 368 1148 (b)
380 1079 441 1133 cum
456 1079 539 1143 enirn,
555 1081 637 1143 inquit
651 1083 682 1128 b.
698 1083 818 1141 Thomas,
832 1082 908 1130 unius
923 1080 993 1132 sotiis
1003 1083 1061 1132 sauri
1074 1081 1124 1130 duo
1138 1083 1242 1134 effectus
1257 1081 1328 1146 equs

220 1203 223 1210 ,
300 1153 452 1212 immediati,
462 1165 527 1200 uuus
537 1153 616 1199 honus
626 1152 652 1198 et
661 1151 724 1198 aiter
732 1152 825 1210 maius,
835 1153 929 1212 potest,
939 1151 1005 1210 iusti
1018 1153 1113 1201 ratione
1125 1149 1232 1214 (nempe
1248 1155 1270 1202 si
1284 1156 1327 1202 bc·

300 1235 348 1270 nus
358 1221 491 1282 praevaleat
510 1219 587 1279 malo,
604 1220 647 1268 aut
662 1219 753 1275 saitem
764 1220 838 1269 illurn
848 1211 1008 1282 compenset)
1021 1221 1117 1270 intendi
1134 1221 1213 1270 bouus
1227 1223 1254 1270 et
1270 1236 1327 1283 per·

298 1293 365 1342 mitti
381 1291 467 1338 maius.

330 1361 394 1406 Hinc
403 1359 472 1405 aiunt
479 1355 610 1404 uoniicsre
620 1363 703 1414 securo
711 1352 954 1414 narrandumne
962 1353 1100 1412 baptizetur
1110 1351 1199 1402 inians.
1209 1356 1326 1405 Sedarbi·

298 1433 351 1478 tror
362 1429 388 1478 iu
395 1426 441 1474 hic
452 1425 608 1481 conclusione
619 1423 723 1481 supponi
735 1421 869 1468 sectionem
880 1433 933 1469 esse
944 1418 1015 1472 valde
1026 1423 1201 1482 periculosam,
1216 1425 1326 1484 alioquin

299 1493 366 1548 male
375 1495 538 1550 deduceretur
546 1491 678 1538 conclusio.
690 1487 750 1548 iuro,
760 1485 829 1537 extri
840 1491 988 1550 periculum,
999 1491 1078 1538 mater
1088 1492 1186 1542 videtur
1194 1489 1326 1555 potiriste·

299 1555 354 1616 ueri
364 1566 415 1626 pati
426 1561 602 1624 operationem,
611 1561 638 1607 et
645 1559 753 1607 ieiiciier
764 1559 852 1607 iactam
863 1571 912 1606 nou
922 1554 1048 1618 uunquirn
1059 1559 1152 1607 audivi.
1163 1559 1324 1626 vueiraca]

331 1635 364 1698 (c)
375 1634 424 1682 lut
433 1634 454 1680 si
465 1627 531 1680 certb
542 1629 650 1688 constet,
660 1639 710 1676 non
720 1629 777 1677 dato
788 1627 913 1689 remedio,
924 1631 950 1678 et
959 1629 1063 1678 anubem
1073 1630 1166 1690 alioqui
1180 1631 1326 1696 morilucrum

300 1705 326 1752 et
337 1704 424 1752 ioetum
436 1701 488 1748 sine
499 1699 620 1758 baptismo
631 1697 835 1756 extinguendum.
846 1697 909 1756 Quia
919 1700 1025 1760 uterque
1034 1697 1135 1755 juvatur
1144 1699 1241 1746 meliori
1252 1701 1325 1748 modo

299 1785 348 1832 quo
358 1771 447 1831 potest.
459 1770 539 1816 Collci.
551 1766 616 1824 Sed,
635 1766 751 1826 inquiunt
766 1768 832 1812 Dens
843 1767 868 1812 el
879 1767 1009 1826 Daelman,
1020 1779 1069 1813 non
1080 1769 1216 1827 constabit,
1227 1767 1324 1816 mortua

298 1841 387 1897 matre,
398 1838 485 1885 ioeturu
495 1848 544 1884 nun
553 1846 624 1894 posse
634 1835 745 1882 exscindi
755 1835 855 1892 vivum
865 1829 915 1882 inid
926 1845 972 1880 nec
983 1833 1050 1882 certi
1058 1835 1115 1882 sciri
1126 1837 1208 1893 potest
1217 1839 1324 1885 mairem

296 1901 443 1958 morituram
453 1906 475 1954 si
493 1915 543 1954 nou
554 1902 865 1962 conscensumque
874 1901 901 1950 iu
916 1901 1040 1950 similibus
1050 1903 1215 1962 expertissimi
1228 1906 1323 1954 medici

297 1976 423 2024 falluntur.

328 2045 397 2093 Nota.
408 2043 516 2104 Quisque
524 2041 594 2090 uidet
603 2039 706 2104 supponi
718 2039 745 2087 ln
755 2040 795 2086 iris
808 2037 907 2088 casibus
915 2037 1055 2100 periculum
1065 2035 1193 2084 imminere
1202 2037 1277 2086 malni
1288 2049 1325 2092 cx

297 2116 382 2166 inorbo
391 2113 513 2173 natruall,
525 2122 576 2160 uon
595 2105 849 2169 lcaursiextriussct,
858 2121 884 2158 r.
895 2107 963 2168 q.,si
973 2106 1137 2168 provideatur
1146 2101 1160 2156 *a
1169 2105 1240 2165 patre
1256 2105 1323 2156 iuri-

297 2185 379 2240 uuam
388 2182 521 2236 occidenda
530 2182 613 2244 puelia
622 2180 732 2240 grauida,
741 2180 783 2228 vei
792 2179 871 2228 mater
881 2177 974 2238 quaeris
984 2175 1010 2226 iu
1019 2175 1092 2238 partu
1100 2173 1228 2224 moritura.

603 2341 607 2346 ·
651 2321 911 2368 sernubicuus
926 2321 962 2367 11.

655 2503 659 2511 p
729 2452 767 2502 De
781 2453 879 2498 Duello.

283 2587 286 2591 ⁴
304 2601 307 2606 '
339 2592 417 2656 35&
429 2587 588 2656 Domum
600 2580 727 2678 propriis
742 2581 870 2655 dictum,
883 2595 914 2647 ci
926 2596 960 2648 ut
970 2596 1016 2648 est
1029 2580 1131 2674 poenis
1140 2581 1315 2662 obnoxium,

296 2685 487 2756 esoduorum
501 2680 549 2749 v'cl
564 2701 732 2774 paucmm
738 2699 867 2744 numero
878 2674 1080 2744 determinato
1090 2677 1142 2760 (a)
1152 2693 1317 2756 calomen,

297 2782 420 2878 privati
430 2777 612 2848 auctoritate
627 2800 685 2858 ,en
701 2771 861 2853 condicto,
879 2795 933 2838 seu
949 2769 1274 2865 provocationeunius
1288 2786 1318 2838 ot

297 2875 506 2972 accepiatione
516 2871 654 2951 alterius,
670 2895 740 2936 curu
757 2865 968 2954 designatione
980 2865 1028 2952 (b)
1036 2866 1099 2935 loci
1113 2883 1144 2933 et
1152 2864 1316 2958 temporis,

297 2987 328 3038 cl
346 2995 416 3036 cum
433 2969 504 3036 vitae
516 2981 569 3033 aut
588 2962 844 3056 grauisqvuiucris
863 2960 1022 3055 periculo,
1040 2961 1200 3056 quibusvis
1222 2958 1321 3028 'armis

296 3065 336 3136 ad
350 3063 407 3131 hos
419 3063 545 3130 effectus
559 3060 650 3140 uatis,
663 3057 773 3126 initum
790 3057 804 3140 (
821 3056 848 3140 ).
1194 3085 1197 3090 ·

336 3159 413 3230 Nou
423 3159 497 3249 ergit
505 3155 642 3224 duellum
656 3169 735 3222 osset
748 3166 904 3248 prompta,
920 3151 1014 3220 exiri
1026 3149 1125 3218 subiti
1135 3147 1185 3214 vel*
1195 3144 1317 3214 inimici

296 3254 506 3335 occurrentis,
522 3275 679 3320 armorum
691 3249 860 3346 assumptio
873 3279 880 3330 ;
895 3273 996 3340 neque
1016 3246 1044 3314 si
1065 3239 1250 3336 simpliciter
1271 3241 1319 3312 diu

296 3361 367 3420 cani
384 3379 392 3416 ι
409 3369 603 3438 pugnemus,
618 3361 648 3413 et
662 3361 812 3438 pugnem

339 3445 410 3512 Nec
433 3440 626 3537 probabilius
640 3441 667 3508 si
685 3439 812 3506 honoris
829 3437 930 3526 solium
954 3431 1140 3504 defrudandi
1158 3431 1264 3504 auimo
1282 3457 1317 3503 sn

297 3553 501 3634 provocarent
522 3553 551 3605 et
564 3550 796 3630 comparerent,
814 3528 1030 3600 conuenientes
1044 3532 1180 3613 secreto,
1194 3544 1224 3598 si
1240 3527 1317 3596 cmii

297 3633 456 3702 moraliter
469 3632 553 3726 quiid
566 3648 674 3702 neuter
691 3629 782 3698 alteri
801 3625 941 3722 nocebit3
956 3625 1096 3737 quamne
1113 3624 1174 3698 hoc
1192 3621 1316 3694 dmub·

296 3743 363 3795 tmn
373 3727 509 3798 dueibrru
519 3728 655 3821 graviter
668 3725 810 3794 illicitum
823 3723 875 3808 sit,
888 3741 1049 3820 poenrstpe
1064 3724 1098 3792 iu
1111 3722 1179 3795 [ore
1189 3732 1315 3792 externo

296 3825 477 3896 obnoxium.
679 3873 681 3878 .
785 3866 788 3874 ,
1048 3871 1055 3880 ,
1161 3848 1164 3854 ·
