2984 4666
264 325 332 433 {194
537 355 590 410 uro
612 353 754 415 neimo
776 323 1049 416 remunero

290 444 338 510 Qui
347 443 506 506 ineuntem
516 437 648 496 admodum
657 443 728 498 tenui
747 442 891 504 donantur,
894 455 942 492 nec
951 441 1041 508 salutis
1059 437 1257 500 ιιιιιιιιιιιιιιιιι
1249 457 1290 493 ιιι-

259 513 352 568 curiosi
372 507 495 560 cromano
508 513 590 560 omnia
609 513 661 561 haro
672 513 762 562 sciunt
774 507 859 572 Quoto
878 513 994 573 praxim:
1003 523 1053 558 non
1071 513 1134 572 puto
1151 509 1216 573 qudd
1233 513 1290 574 qnia

258 582 422 632 confessarius
431 577 651 648 poemtenteseirei
662 582 716 630 heo
727 583 869 642 interroget.
884 576 938 629 tim
948 582 986 630 ιιι
994 579 1098 662 difficile
1110 581 1152 632 oct·
1155 582 1290 642 prudentor

261 651 449 710 investigarem
460 650 538 698 sciant
547 651 664 699 articulos
675 650 780 712 symboli
789 651 815 700 ct
823 651 987 710 decrementa,
997 644 1055 700 crim
1063 651 1208 741 suspicandi
1220 651 1291 706 toruo

260 719 486 780 emtaetissnomre

669 802 784 816 ψ-

303 903 376 944 no.
402 875 502 944 Actus
527 873 629 948 fidei
619 893 748 949 rnternae
762 875 846 942 cire'a
868 877 964 970 supi'e
959 871 1061 943 dieta
1083 877 1202 967 obligat
1215 885 1292 972 ergb

259 994 318 1058 per
333 993 367 1038 se
384 971 442 1038 sub
450 969 548 1062 gravi

323 1074 337 1102 ⁰
306 1063 519 1148 rlnfideles,
541 1064 703 1140 hereticos
719 1078 749 1132 et
765 1063 931 1132 catholicos
943 1089 1035 1133 usum
1050 1065 1194 1150 rationis,
1216 1093 1301 1141 nro-1

165 1241 168 1251 1
260 1097 368 1230 naliter
385 1119 564 1263 loquendo,
578 1159 747 1270 adeptos,
766 1159 878 1254 quibus
905 1159 1095 1230 sufficienter
1102 1165 1290 1260 proposita

260 1273 331 1332 eunt
348 1257 510 1327 credendae
520 1253 665 1326 veritates
676 1254 767 1338 fidei,
789 1271 819 1323 et
832 1260 926 1352 quim
939 1256 1076 1352 primdm
1090 1255 1224 1348 cogitant
1235 1273 1288 1328 aut

260 1353 397 1444 cogitare
408 1353 521 1420 debent
532 1351 577 1420 de
586 1351 790 1444 obligatione
790 1368 841 1420 eos
860 1367 933 1420 tunc
947 1368 1105 1458 urgente
1121 1353 1289 1422 accedendi
1339 1427 1343 1434 ,

260 1447 420 1516 actualiter
431 1447 472 1516 ad
483 1447 597 1522 Deum
601 1463 635 1514 ut
648 1447 745 1515 finem
752 1447 917 1532 ultimum,
931 1447 975 1516 ita
994 1465 1029 1517 ut
1041 1441 1130 1516 moia
1144 1449 1289 1518 notabilia

259 1543 342 1612 foret
356 1550 516 1636 peccatum
531 1541 663 1610 mortale
673 1543 736 1628 (a).
959 1565 963 1571 ·
1274 1569 1277 1580 ·

301 1637 371 1709 Imd
381 1637 520 1716 infideles
534 1654 564 1706 et
578 1637 716 1706 haeretici
728 1651 871 1709 tenentur
885 1663 1064 1736 proposse,
1079 1627 1237 1756 inquirere
1250 1663 1291 1710 an

260 1745 375 1828 etque
388 1733 476 1802 Deus
490 1731 684 1802 revelaverit.

304 1853 322 1892 ι
323 1826 414 1896 Eos
425 1853 479 1921 qur
469 1827 595 1910 fidem,
610 1827 661 1897 vel
667 1853 724 1922 per
732 1827 861 1900 dublum
868 1827 1086 1910 voluntanum,
1103 1828 1286 1900 amiserunt.
1359 1889 1364 1898 .

302 1926 338 2002 3⁰
349 1923 489 2010 Omnes,
504 1922 698 1994 identidem
688 1951 721 1992 ιιι
734 1922 800 1996 vira
810 1927 856 2012 (b)
868 1939 898 1994 et
907 1923 941 1990 in
949 1921 1059 1990 mortis
1070 1922 1119 1992 vel
1131 1925 1290 2022 probabili

260 2017 404 2099 articulo.
474 2040 476 2042 ·

301 2121 364 2181 Par
373 2111 520 2180 acardum
539 2115 631 2196 verb,
653 2115 726 2180 cium
743 2113 834 2184 aliter
852 2111 992 2206 superari
1004 2131 1067 2227 non
1079 2127 1184 2206 posset
1193 2128 1290 2184 tenta

261 2209 306 2278 tio
320 2211 428 2290 contra
441 2208 536 2298 fidem
546 2209 591 2294 (c)
614 2223 666 2276 aut
679 2207 773 2276 aliam
787 2209 946 2276 virtutem

303 2303 387 2371 Cium
398 2317 488 2395 urget
500 2319 691 2397 preceptum
703 2303 884 2378 confiteudae
898 2303 984 2372 fidei

303 2395 388 2466 Cum
403 2413 494 2489 urget
507 2397 592 2466 aliud
606 2413 796 2507 praeceptum
816 2399 945 2492 quod
919 2425 986 2466 sme
1005 2397 1066 2465 fide
1084 2397 1210 2492 impleri
1227 2419 1290 2468 non

261 2504 379 2587 potest,
400 2521 431 2562 v.
448 2519 505 2584 g.,
524 2497 595 2562 edm
608 2491 839 2602 suscipiendum
853 2509 898 2560 est
913 2507 1141 2560 sacramentum
1153 2494 1194 2562 ad
1206 2494 1290 2586 quod

262 2604 348 2658 aotrrs
359 2588 436 2660 fidoi
449 2605 496 2662 est
510 2587 673 2698 dispositio
685 2588 858 2656 necessaria
870 2589 934 2673 (d).

302 2683 365 2758 Ast
379 2683 537 2756 adactum
553 2683 627 2753 fidei
640 2708 702 2754 non
716 2681 831 2751 sufficit
844 2707 932 2751 mera
945 2681 1100 2765 recitatio,
1119 2683 1175 2751 sed
1190 2683 1290 2793 requi·

262 2775 342 2853 titur
353 2779 451 2854 motio
461 2777 644 2898 voluntatis,
665 2804 720 2848 sou
734 2777 956 2873 complacentia
970 2778 1129 2892 quaedam,
1154 2803 1191 2860 ιιι
1207 2778 1290 2846 auxi-

211 2908 217 2919 ·
261 2873 443 2966 liogratiae,
458 2878 696 2966 ergicsummam
707 2874 997 2958 Deiveraeitatem,
1013 2865 1291 2964 vieujusintellec·

261 2983 312 3035 tus
325 2967 549 3036 determinetur
561 2969 603 3036 ad
612 2970 855 3054 assentiendum,
873 2973 910 3038 ed
925 2927 1069 3038 firniitute
1082 2995 1155 3062 quoe
1166 2985 1292 3080 superet

262 3087 387 3226 pffinem
400 3061 579 3131 firmitatem
599 3089 638 3135 ex
652 3065 760 3157 quovis
779 3081 850 3142 actu
868 3057 1034 3142 scientifico
1056 3081 1086 3134 et
1101 3065 1293 3155 experimen·

325 3167 438 3226 ortam.

293 3335 333 3408 (ιι)
344 3333 459 3402 euantii
468 3340 575 3407 infidelia
584 3319 680 3402 indicat
693 3340 785 3392 sectam
795 3355 865 3390 suam
874 3353 926 3390 csse
939 3339 1005 3387 veris
1006 3337 1154 3400 mitiorem,
1168 3341 1194 3390 et
1211 3341 1290 3390 eredi-

262 3415 390 3470 biliosum,
399 3413 442 3460 aui
452 3406 522 3471 eque
532 3413 687 3472 credibilem
698 3425 747 3463 non
758 3413 857 3460 tenetur
866 3408 1040 3456 camdeserere
1046 3409 1147 3468 inquit
1164 3411 1191 3457 P
1206 3411 1263 3458 Ant.
1275 3406 1290 3461 i

262 3481 365 3538 duritia
372 3479 421 3528 Sed
431 3475 499 3530 corte
509 3482 640 3544 supponit
639 3481 712 3532 illum
720 3481 845 3530 infidelem
856 3489 995 3538 assumere,
1007 3473 1141 3540 quantirm
1136 3479 1213 3530 debet
1236 3491 1290 3528 ιιιι-Ι
1330 3535 1338 3544 ,

262 3551 305 3603 dm
315 3552 447 3600 ueritatem
455 3549 596 3608 detegendi
1317 3540 1329 3552 ⁴

293 3617 378 3680 Quoid
387 3631 491 3680 pueros,
501 3627 550 3668 non
570 3618 608 3666 est
618 3610 760 3678 scrupulosi
779 3627 837 3662 oum
851 3614 883 3661 iis
896 3611 1027 3674 agendum.
1043 3609 1133 3676 Saept
1123 3617 1189 3664 enim
1200 3613 1288 3663 accidit

263 3689 381 3748 mysteria
393 3689 451 3736 {idei
463 3688 500 3735 eis
507 3699 556 3736 non
564 3687 713 3734 sufficienter
724 3684 828 3744 proponi
836 3683 880 3732 aut
890 3696 932 3730 eos
942 3695 991 3730 non
1000 3685 1185 3746 apprehendere
1196 3683 1289 3742 obliga·

263 3756 357 3807 tionem
365 3764 464 3816 gravem
478 3755 603 3810 credendi
615 3749 682 3801 Unde
701 3749 755 3798 rarb
772 3753 876 3812 peccunt
891 3749 976 3802 contra
989 3755 1141 3818 praeceptum
1154 3750 1227 3818 fidei,
1240 3763 1289 3799 non

263 3821 348 3876 cotim
358 3825 480 3878 atterendo
490 3823 564 3886 lamus
573 3822 673 3872 virtutes
683 3822 775 3868 actum
784 3823 897 3872 Bittuert.
911 3813 984 3872 Dolor.
1171 3861 1177 3872 ι

294 3893 387 3944 sautem
397 3905 494 3957 sempor
503 3889 757 3944 remanetueeemtas
766 3890 916 3942 meducrrco
927 3893 1007 3954 prum
1016 3887 1147 3952 mycena
1158 3887 1185 3936 et
1194 3885 1289 3952 οιιιι
1247 3898 1289 3934 a
1379 3909 1382 3916 ·
