2984 4666
321 336 390 426 aot
529 415 534 423 ,
594 357 648 410 nn
669 332 1063 410 rarmo'namcarro

326 457 328 462 ·
349 439 469 494 osterlm
479 455 527 491 non
537 439 677 504 scrupulosi
687 445 821 504 agendum,
840 446 956 506 inquiunt
967 445 1070 506 plures,
1086 453 1143 492 curn
1161 441 1191 491 ils
1201 443 1243 505 qui
1258 444 1348 498 dicunt

319 522 346 559 ee
357 513 478 571 ignorasse
494 511 666 570 obligationem
682 513 797 560 eliciendi
814 515 884 560 actus
900 514 972 572 fidei,
990 513 1041 572 spei
1054 513 1079 560 et
1100 513 1226 562 charitatis
1237 528 1244 562 r
1254 517 1343 574 praeter

319 581 386 630 euim
395 575 507 642 superiris
518 575 582 638 dicta
590 581 651 640 ,qui
662 577 725 628 liene
735 581 869 641 vixerunt,
880 586 967 640 preces
975 582 1106 629 matutinas
1117 583 1143 628 et
1153 581 1271 628 serotinas
1280 583 1343 630 reci-

317 647 445 708 taverunt,
464 649 525 696 testa
543 615 677 697 Doririnicae
695 647 847 708 Nativitatis,
866 649 987 700 Passionis
1001 649 1154 708 aliorumque
1169 649 1343 710 mysteriorum

318 683 486 773 celebrdrrint,
496 715 527 764 ad
537 717 980 767 contessionemetcommunionemse
990 717 1202 784 praeparaverunt,
1212 713 1341 778 potiusque

317 785 380 830 mori
391 779 465 843 qutun
475 786 555 835 Deum
563 785 686 834 offendere
697 781 761 844 saepe
771 786 818 832 sibi
828 787 1020 844 proposuerunt,
1031 785 1144 832 inimicos
1153 777 1284 846 juvarunt,
1296 787 1346 835 lios,

318 852 387 900 ectus
398 853 511 900 elicuisse
520 843 651 900 censentur
659 853 762 902 saltem
755 866 782 901 m
794 845 851 900 aclu
870 853 979 902 exercito
991 851 1069 919 ΝΞΟ,
1080 855 1092 901 ιι
1104 852 1124 916 ]
1126 857 1213 912 Deos,
1224 858 1272 905 etc.

789 931 905 954 -ι-..

361 991 431 1052 232.
459 985 578 1053 Omnia
591 975 717 1078 peccata
732 982 876 1052 charitati
890 999 1084 1078 opponuntur
1108 985 1274 1070 indirecto,
1303 1010 1342 1058 ea

317 1080 450 1148 maxime
461 1106 549 1174 quae,
577 1107 640 1148 non
653 1081 845 1158 obstantibus
858 1080 1027 1149 actualibus
1046 1081 1237 1150 conscientia
1250 1108 1340 1150 mor-

310 1175 421 1257 sibus,
443 1177 693 1254 committuntur3
721 1201 848 1268 eamque
867 1175 1026 1243 destruunt
1038 1176 1212 1252 mortalia

292 1289 295 1292 ·
358 1269 487 1338 Dsrocto
500 1296 574 1338 vero
588 1271 692 1337 odium
714 1269 793 1350 Dei,
822 1271 928 1380 quod·
920 1293 963 1338 ex
978 1281 1024 1358 tot
1025 1293 1339 1360 ogcneresuornor-

317 1363 379 1434 tale
392 1381 437 1434 est
452 1381 481 1434 et
495 1391 637 1448 enormo;
655 1381 685 1432 et
699 1365 790 1454 huJus
805 1365 928 1432 odii
885 1392 930 1433 rer
944 1382 1013 1434 sunt
1026 1366 1080 1460 qui
1093 1363 1216 1460 cupiunt
1233 1366 1339 1436 Deum
1375 1421 1379 1424 -

316 1485 379 1528 non
392 1486 474 1570 asso,
496 1460 545 1530 vel
558 1486 620 1528 non
644 1486 709 1528 esse
722 1461 836 1568 justum
861 1475 914 1529 aut
935 1461 1191 1555 omnipotentem,
1212 1477 1245 1529 ut
1234 1487 1337 1558 pec-

317 1571 384 1623 cata
398 1556 507 1650 punire
530 1581 592 1623 non
604 1554 719 1650 possit;
746 1580 800 1648 qur
791 1554 900 1624 '‘de
873 1581 938 1645 ejus
954 1557 1089 1640 offensa,
1111 1549 1258 1665 tanquam
1272 1559 1335 1648 ejus

317 1651 435 1719 offensi
446 1653 597 1742 gaudent,
617 1651 719 1738 ejusve
732 1650 814 1717 bono
828 1655 974 1744 tanquam
989 1653 1054 1740 ojus
1068 1611 1149 1720 liono
1162 1653 1332 1720 tristantur.

309 1750 310 1754 ’
357 1745 439 1812 Huic
455 1746 526 1813 odio
540 1745 631 1814 affine
646 1745 751 1813 odium
764 1771 868 1815 rerum
883 1772 950 1839 quae
963 1746 1027 1814 Dei
1041 1764 1126 1831 sunt,
1146 1747 1276 1818 verbi
1249 1771 1334 1838 ejus,

317 1857 598 1924 sacramentorum,
614 1841 736 1910 virtutis
751 1874 758 1918 ;
780 1841 934 1935 oppositio
944 1844 1045 1923 hono,
1063 1841 1207 1932 gloriatio
1218 1842 1336 1934 depae.-

315 1935 408 2021 catis,
432 1935 621 2012 desiderium
633 1936 717 2030 qudd
730 1937 817 2006 Deus
830 1937 885 2004 illa
896 1961 959 2004 non
972 1935 1088 2031 puniat.

602 2121 612 2142 Χ
642 2121 867 2172 EXPLchTIO
885 2121 1020 2174 FUSIOR

653 2255 772 2333 i’raecepti
782 2269 995 2331 annumeramini.

254 2477 258 2482 .
354 2413 521 2484 Paoxmus
537 2428 582 2484 est
598 2413 701 2484 omnis
715 2430 855 2483 creatura
877 2412 1054 2498 rationalis,
1073 2411 1167 2482 etiarn
1188 2408 1340 2494 dimica,
1391 2437 1397 2446 ¹

315 2509 836 2604 ejusdomnobiscumboatitudinis
851 2535 964 2618 capax.
1047 2545 1052 2553 -

356 2605 450 2676 Unde
462 2606 521 2674 soli
534 2607 689 2676 daemones
705 2622 735 2674 et
748 2605 885 2674 damnati
900 2598 1104 2699 excipiuntur.

615 2746 623 2837 ἒ
716 2785 884 2851 suerro
904 2769 942 2848 ιζ

538 2959 576 3008 De
586 2957 707 3021 praecepto
717 2956 806 3015 amoris
813 2956 921 3018 proximi
929 2921 1111 3019 inlesumptos
1193 2956 1199 2962 .

356 3103 427 3170 233.
448 3100 625 3168 Saconnum
632 3111 737 3170 autem
751 3102 981 3187 (mandatum)
995 3099 1096 3168 simr'lc
1109 3095 1235 3168 csthuic
1248 3127 1258 3162 .-
1272 3098 1333 3166 m·-

314 3196 393 3286 liges
406 3218 592 3286 proximum
603 3205 689 3262 tuum
702 3195 799 3273 sr‘cut,
824 3211 882 3263 etc
1130 3219 1135 3227 ·

356 3293 490 3360 Amore
491 3317 565 3384 ergo
549 3290 821 3386 supernaturali,
843 3289 985 3358 effectivo
996 3303 1025 3355 et
1037 3285 1191 3368 effectivo,
1210 3284 1338 3358 interno,

314 3407 344 3461 et
366 3397 502 3458 exteino.
995 3433 998 3438 -

303 3505 307 3553 1
355 3482 533 3554 Similitudo
546 3465 668 3564 autem,
683 3505 747 3548 non
759 3477 966 3572 aequalitas(
956 3504 990 3544 m
1003 3475 1138 3572 proximi
1152 3479 1332 3551 cumnostri

312 3605 417 3649 amore
440 3576 622 3672 requiritur,
640 3533 912 3668 iintelligiturquc
901 3601 934 3642 m
956 3573 1016 3644 hoc
1039 3601 1130 3644 sensu
1147 3575 1230 3668 quod
1250 3573 1329 3640 bona

313 3699 380 3768 qnae
393 3674 495 3743 nobis
503 3671 727 3742 rationabiliter
740 3669 903 3740 volumus
894 3697 927 3740 m
940 3671 1052 3744 talibus
1074 3665 1327 3746 circumstantiis,

315 3769 451 3838 eadem
441 3794 476 3838 m
491 3769 604 3838 iisdem
621 3765 752 3864 relicuus
767 3765 926 3866 proximo,
947 3784 977 3840 et
992 3769 1076 3868 nsala
1090 3791 1206 3863 quae
1167 3785 1228 3832 non
1238 3758 1331 3829 nobis

314 3884 372 3928 nec
385 3857 446 3952 ipss
437 3857 605 3934 volimus.
