2948 4676
493 289 496 298 ’
588 321 809 386 urrrrsur.
1170 305 1212 382 rt

188 404 418 540 fflzqtpqqparilpnq
428 406 574 468 institutus
586 423 621 461 ex
630 424 704 475 opera
715 403 830 475 opento't
839 411 963 482 anttiottpo
972 413 1000 464 tn
1009 414 1160 478 myrtites
1169 419 1213 470 ,at-

231 622 285 777 ²31⁰·
294 616 430 684 Rernota
442 613 589 710 baptismi
601 616 732 684 materia
743 631 788 686 est
802 641 882 712 aqu
895 617 1011 712 quaevis
1022 619 1172 688 naturalis
1181 635 1214 689 et

188 737 264 780 nsua
278 737 315 778 rs.

182 823 183 826 ’
202 840 205 844 ·
230 805 266 873 ln
279 803 458 873 necessitate
465 821 568 874 tamen
582 803 759 874 adhibenda
770 822 859 888 esset,
873 808 930 876 sub
941 807 1116 887 conditione
1128 864 1137 892 ,
1149 811 1212 882 alia
1310 805 1317 819 ⁸

187 927 278 996 aqua,
291 928 328 970 ex
342 901 465 983 herbis,
480 929 511 969 v.
523 927 555 992 g.
569 917 620 970 aut
634 900 718 994 ligno
728 902 854 971 stillata.
869 903 933 972 Sed
947 895 1009 971 noir
1023 905 1141 986 vinum,
1155 933 1212 976 nee

187 996 270 1066 aliud
283 995 414 1090 quodvis
427 995 578 1090 liquidum
592 995 676 1090 quod
685 1023 764 1090 aqua
778 997 839 1066 dici
854 1023 916 1066 non
930 1013 1031 1093 posset
1045 999 1210 1072 ullatentrs.

227 1091 294 1160 Pro
307 1091 461 1187 baptismo
477 1091 586 1159 saltem
607 1092 753 1175 solemni,
773 1119 853 1188 aqua
876 1095 988 1176 debet,
1005 1121 1043 1162 ex
1056 1111 1212 1192 praecepto

187 1184 348 1268 Ecclesiae,
361 1211 427 1255 esse
439 1186 600 1256 benedicta
611 1213 679 1256 eum
690 1188 893 1284 permixtione
905 1189 1147 1278 chrismatisbr).

229 1275 381 1352 Proxima
394 1298 497 1350 autem
507 1283 638 1351 materia
648 1301 697 1354 est
710 1277 825 1353 ablutio
837 1286 878 1354 de
886 1301 1041 1382 praecepto
1053 1287 1135 1356 trina
1145 1283 1212 1382 qui·

186 1377 269 1458 dem,
281 1378 308 1446 si
323 1403 379 1472 per
394 1393 514 1472 tempus
525 1377 634 1457 liceat3
1126 1393 1128 1399 '

224 1467 319 1562 Quae,
338 1499 462 1566 quoquo
472 1474 566 1542 modo
581 1473 847 1566 (juxtausitatum
860 1491 965 1544 tamen
984 1475 1077 1544 ritum
1091 1477 1131 1545 ad
1145 1477 1212 1544 lici·

186 1573 300 1656 tatem)
316 1569 509 1651 adhibeatur,
524 1568 591 1638 sive
601 1595 657 1664 per
672 1569 876 1652 infusionem,
892 1571 957 1640 sive
970 1597 1026 1664 per
1040 1571 1211 1644 immersio·

187 1687 273 1748 nem,
288 1665 352 1733 sive
369 1685 424 1760 per
441 1665 667 1760 aspersionem,
681 1663 751 1734 talis
769 1665 942 1736 necessario
962 1667 1002 1734 sit
1024 1681 1057 1735 ut
1076 1691 1210 1763 persona

187 1761 247 1831 dici
261 1761 359 1856 possit
369 1761 482 1829 lavata.

227 1848 395 1926 Contactus
409 1881 497 1950 aquae
511 1855 551 1925 ad
561 1855 737 1946 baptizandi
751 1881 861 1950 corpus
875 1856 915 1925 sit
928 1860 1002 1949 ergit
1017 1857 1129 1940 realis,
1151 1858 1211 1928 im·

186 1952 353 2036 mediatus,
365 1977 401 2020 ac
415 1977 472 2048 per
488 1951 616 2020 modum
632 1949 731 2020 timis
747 1952 904 2022 continuus
918 1952 950 2020 iu
966 1969 1054 2046 parte
1069 1951 1210 2048 corporis

187 2047 342 2144 praecipud
352 2049 410 2134 (b).
665 2054 667 2062 ’
1025 2069 1028 2074 “
1142 2067 1143 2072 ’

224 2146 356 2240 lnsuper
369 2161 500 2239 persona
510 2141 636 2210 abluens
648 2141 755 2210 eadem
768 2139 809 2210 sit
821 2167 890 2235 quae
903 2143 1000 2210 verba
1010 2139 1143 2236 profert.

197 2313 202 2320 ,
226 2233 269 2308 Et
283 2241 537 2334 eodemtempore
551 2263 613 2332 quo
624 2239 719 2322 verba
730 2237 939 2332 proferuntur,
956 2238 1008 2305 fiat
1021 2235 1138 2305 ablutio
1149 2237 1207 2323 (e).

226 2333 342 2403 Forma
354 2339 430 2403 verb
443 2334 525 2429 apud
536 2357 591 2402 nos
604 2348 674 2401 sunt
687 2335 784 2402 verba
796 2331 862 2401 baec
876 2364 884 2401 :
898 2341 968 2424 Ego
988 2339 1018 2400 tc
1031 2331 1158 2422 baptizo
1175 2332 1210 2400 in

186 2429 311 2498 nonum
325 2429 448 2524 Patris,
462 2439 493 2500 et
507 2427 604 2512 Filii,
616 2441 646 2499 et
660 2429 798 2513 Spr‘rr'trts
811 2428 927 2498 saneti.
941 2429 1039 2522 Apud
1053 2427 1183 2497 Graecos
1198 2459 1206 2496 a

186 2523 381 2612 Baptizatur,
396 2535 457 2593 etc.

227 2620 295 2690 Sed
316 2643 535 2714 quecumque,
557 2623 642 2714 juxti
657 2619 750 2689 ritum
768 2619 902 2716 propriae
922 2618 1070 2689 Ecclesiae
1084 2643 1211 2712 sequen·

185 2717 271 2800 dum,
286 2715 387 2784 forma
397 2717 591 2801 adhibeatur,
604 2743 731 2786 necesse
743 2731 788 2786 est
805 2717 845 2784 ad
860 2715 1049 2783 validitatem
1065 2715 1211 2808 baptismi

186 2827 220 2880 ut
237 2812 388 2880 actionem
408 2811 542 2882 ministri
558 2835 795 2906 personamque
814 2808 990 2902 baptizandi
1020 2807 1154 2888 indicet,
1180 2823 1212 2875 et

186 2907 334 2975 unitatem
342 2923 462 2975 naturae
476 2907 589 2976 divinar
600 2931 671 2974 cum
682 2904 845 3000 expliciti,
865 2905 923 2971 sub
938 2901 1089 2970 distinctis
1104 2901 1211 2970 uomi-
1239 2947 1246 2960 -

186 3001 292 3084 nibus,
315 3002 407 3070 trium
431 3003 495 3072 SS.
517 3001 683 3070 Trinitatis
704 3021 907 3094 personarum
927 2997 1119 3068 invocatione
1138 3023 1211 3066 eon·

186 3096 354 3184 tineam).
750 3107 752 3112 ·

227 3253 415 3318 (etPraeeeptum
426 3257 486 3306 iiiud
496 3256 603 3320 praviter
611 3255 715 3316 obirent,
725 3249 795 3312 juxti
804 3253 896 3314 piures.
907 3251 958 3300 init
968 3264 1016 3303 uon
1028 3251 1117 3300 desunt
1128 3251 1169 3312 qui
1182 3255 1212 3304 ut

185 3325 287 3375 mortale
297 3326 389 3374 intrent
405 3337 453 3375 non
465 3329 499 3374 uti
512 3325 574 3387 aqui
585 3327 671 3373 eodem
684 3334 747 3374 atino
758 3321 897 3372 benedictn.
909 3323 968 3383 Quae
978 3319 1116 3370 extendunt
1132 3321 1210 3382 aliqui

185 3396 216 3444 nd
224 3396 372 3456 bnpttsmmn
385 3397 498 3455 privatim
508 3392 521 3444 b
531 3395 654 3443 sacerdote
669 3395 764 3441 datum.

215 3465 314 3513 Rituate
324 3466 480 3514 Bisuutinurn
490 3465 636 3526 simpliciter
645 3465 745 3510 nnrrotat
754 3462 884 3510 conventre
898 3461 924 3508 in
938 3473 997 3508 casu
1007 3459 1159 3508 necessitatis
1169 3457 1214 3506 ad-

185 3533 271 3582 bibere
280 3545 369 3596 aquam
383 3533 546 3581 benedictam.
558 3533 605 3580 Sed
615 3531 716 3580 verbum
731 3533 850 3579 conuenire
858 3531 998 3590 ambiguum
1009 3531 1054 3576 est.
1065 3522 1213 3586 consuitibs,

185 3601 307 3661 adortatus,
316 3602 337 3650 si
349 3603 446 3664 tempus·
456 3599 597 3664 permittat,
608 3613 670 3662 aqua
681 3600 817 3663 baptisterii
829 3611 897 3661 aquae
911 3600 1057 3659 simpliciter
1076 3595 1214 3646 renouata

185 3671 340 3733 preferatur.

215 3741 287 3789 Noto.
296 3734 371 3788 tuxtb
387 3739 486 3790 etrtmtae
495 3741 587 3802 peritos
597 3752 658 3802 amm
676 3752 721 3801 per
733 3751 760 3788 se
770 3736 891 3797 corrumpi
904 3735 1005 3796 nequit,
1018 3732 1061 3782 sed
1078 3727 1157 3783 satiem
1168 3746 1214 3794 per

185 3806 363 3860 admixtionem
374 3811 532 3858 materiarum
543 3810 775 3871 betemgenearum,
787 3807 928 3865 herbarum,
940 3804 1059 3865 earnium,
1071 3807 1118 3853 etc.
1129 3804 1176 3853 Sed
1188 3806 1214 3856 et

186 3873 232 3927 noe
241 3877 377 3944 supposito,
388 3889 438 3930 nou
447 3877 562 3953 itteram,
570 3878 591 3928 at
600 3891 663 3943 aqna
670 3877 785 3942 corrupta
793 3876 922 3940 appareat,
931 3875 1046 3937 quamvis
1056 3875 1130 3925 outa
1142 3873 1213 3924 tactu
