2990 4672
299 315 367 390 1-58
638 335 711 390 ron
731 335 957 392 ruccrrrs.
1038 352 1040 357 2

325 425 361 489 (a)
372 423 446 474 saxu
455 435 505 472 non
514 433 618 486 procos,
627 425 854 476 consuetudinarios
862 419 1102 475 teneturretrectrre
1111 421 1314 477 consuetudinem

292 497 397 553 melum,
408 490 524 554 tunqutm
534 495 686 544 occasionem
694 496 832 554 proximem
842 495 867 543 et
877 495 1017 556 periculum
1030 494 1122 560 morule
1135 495 1270 556 peccanti,
1281 490 1317 545 it'u

269 575 271 583 ⁴
293 566 322 612 ut
332 564 404 611 toties
414 564 500 630 peccet
510 565 607 624 quoties
616 564 722 614 advertit
732 564 764 612 ecl
773 577 842 612 suem
850 561 1066 623 consuetudinem,
1075 575 1122 612 nec
1132 564 1248 626 proponit
1257 575 1314 614 eam

293 633 425 691 corrigere.
437 634 517 681 Cottet.
888 661 889 666 =

322 701 476 748 Ditflctteest
495 698 558 762 saepe
577 702 717 761 dignoscere
735 701 874 750 enhubitns
885 699 1005 750 mulussit
1023 698 1083 748 adet
1095 699 1314 752 retmctetusutln

292 769 365 818 taust
374 782 423 817 non
432 771 464 817 sit
472 771 624 831 imputabilis
634 766 747 831 amptius.
759 773 849 818 Graves
859 766 961 831 proinde
970 771 996 836 et
1006 769 1102 817 sortiter
1112 771 1254 820 coercentes
1263 781 1316 832 poe-

292 837 403 887 ultentiae
419 841 572 900 imponendas
587 841 816 902 comblasphemis,
828 839 1144 900 obscoenaproferentibus,
1157 840 1217 900 etc,
1227 841 1270 902 qui
1284 843 1315 889 ob

292 909 336 957 tras
345 911 502 957 subitaneum
512 910 633 971 impetum
642 911 686 958 eut
703 909 909 958 tnedvertentiem
925 922 979 958 sese
995 909 1127 958 excusant:
1139 907 1227 959 imtut
1237 905 1315 973 magle

292 977 435 1038 advertent,
446 980 566 1028 absolutio
576 991 626 1028 non
635 977 690 1028 rert
701 981 740 1029 cst
754 979 786 1027 iis
794 979 969 1040 protrahendo.

747 1089 862 1106 .—-—-

335 1148 406 1210 181.
427 1143 516 1236 Ergo
535 1157 636 1212 motus
651 1143 902 1237 concupiscentiae
918 1143 971 1238 qui
993 1143 1172 1226 excitantur,
1192 1144 1260 1215 sive
1282 1145 1317 1214 in

291 1255 410 1322 mente,
425 1240 490 1309 sive
510 1239 543 1306 in
560 1265 689 1332 corpore
701 1240 715 1326 (
726 1255 757 1308 et
772 1239 856 1308 idem
870 1240 921 1307 dic
946 1241 986 1308 de
1001 1241 1136 1308 motibus
1146 1239 1237 1308 malis
1262 1265 1317 1336 ap·

290 1329 404 1429 petituls
422 1335 603 1421 irascibilis)
618 1335 785 1429 aliquando
795 1361 858 1404 non
871 1351 940 1406 sunt
953 1351 1098 1428 peccata,
1113 1339 1185 1403 culm
1200 1343 1315 1430 nempe

292 1447 362 1500 sunt
375 1431 599 1526 primo-primi,
617 1458 672 1500 seu
691 1458 815 1501 omnem
827 1432 1004 1526 praecedunt
1017 1429 1132 1500 mentis
1152 1432 1314 1502 adverten-

291 1526 368 1595 tiam
381 1528 415 1594 in
428 1552 518 1595 sensu
530 1527 706 1621 supradicto
720 1527 907 1596 intellectam
920 1530 1014 1618 [179,
1026 1530 1081 1611 a].

334 1622 425 1714 Saep'e
447 1622 481 1688 i'n
496 1623 627 1690 macerie
648 1623 740 1690 etiam
754 1621 842 1713 gravi
866 1637 936 1689 sunt
950 1621 1049 1688 solum
1063 1619 1216 1704 veniales,
1244 1624 1316 1690 cium

289 1720 401 1807 nempe
415 1733 485 1782 sunt
495 1716 747 1807 secundoprimi,
764 1741 817 1782 seu
832 1741 900 1782 cum
915 1715 1097 1806 imperfecti
1110 1716 1312 1786 advertentil.

307 1821 309 1826 '
333 1811 511 1905 Saepissime
531 1810 692 1892 mortales,
706 1813 776 1878 cium
793 1809 910 1878 scilicet
931 1825 1001 1877 sunt
1019 1810 1110 1902 plene
1131 1809 1314 1892 deliberati,

292 1921 323 1975 et
332 1905 464 1974 materia
479 1903 583 1996 gravis
595 1919 652 1972 est.

292 2075 295 2082 .
333 2002 420 2094 Ergo
433 2016 535 2068 motus
548 1998 654 2094 pravi,
669 1997 770 2094 positt
780 1997 944 2068 sufficienti
963 1997 1170 2084 advertentit,
1184 1998 1315 2095 reprimi

293 2098 420 2179 debent,

332 2191 470 2261 Positive
491 2190 618 2284 quidem
634 2186 795 2280 (quamvis
809 2213 872 2256 non
890 2213 1012 2286 semper
1026 2187 1180 2275 directe),
1198 2190 1311 2262 saltem

291 2301 463 2382 peractum
477 2282 864 2377 formalemdisplicentiae.
1241 2309 1248 2313 ·

332 2379 401 2447 lmo
416 2395 445 2447 et
456 2378 632 2460 efficaciter,
646 2379 784 2445 conando
797 2393 832 2445 ut
845 2375 1048 2471 expellantur,
1059 2381 1232 2473 praesertim
1241 2395 1310 2450 cau'·

291 2499 471 2544 sameorum
481 2474 662 2555 deserendo,
676 2471 737 2542 nisi
746 2473 828 2562 justa
839 2477 918 2541 ratio
925 2475 1026 2542 obstet
1038 2476 1102 2560 (o);
1117 2474 1311 2568 imaginatio·

290 2596 363 2639 nem
375 2571 416 2638 ad
430 2569 490 2638 alia
503 2595 565 2636 non
578 2567 743 2652 violenter,
761 2569 818 2636 sed
829 2569 957 2662 pacifice
968 2569 1188 2637 convertendo.-

332 2665 420 2738 Nota
435 2697 443 2734 ι
456 2665 532 2736 Νοιι
544 2665 616 2734 licet
629 2667 705 2755 ergo
720 2680 821 2734 motus
840 2663 1092 2758 concupiscentiae
1105 2663 1139 2730 in
1151 2688 1185 2732 se
1196 2663 1314 2734 admit-

290 2777 356 2832 tere
376 2778 437 2837 aut,
452 2761 584 2831 retinere
611 2760 652 2828 ad
666 2759 792 2844 luctam,
818 2760 999 2829 exercitium
1020 2757 1192 2841 sinotum,
1214 2758 1314 2831 meri-

290 2875 375 2942 tum,
390 2874 469 2942 etc.‚
485 2859 559 2951 quia
584 2873 654 2938 sunt
667 2872 774 2924 contra
794 2871 911 2924 rectam
924 2854 1095 2940 rationem,
1111 2870 1142 2926 et
1162 2855 1315 2928 damnate

290 2971 361 3026 sunt
375 2954 457 3022 circle
470 2953 536 3020 haec
550 2953 618 3020 ‹luae
631 2951 768 3019 Melinos
782 2951 1022 3044 propositiones

330 3047 485 3118 Remedia
504 3046 660 3138 praecipua
674 3060 780 3111 contra
800 3060 902 3112 motus
916 3046 1168 3137 concupiscentiae
1181 3061 1252 3112 sunt
1263 3071 1316 3134 ge·

289 3145 421 3215 neratim
433 3165 502 3234 quoe
513 3162 620 3208 eorum
633 3138 732 3204 causis
756 3155 960 3231 opponuntur.
976 3140 1013 3207 Si
1028 3165 1065 3207 ex
1085 3137 1246 3231 phantesit
1259 3163 1315 3208 seu

289 3235 522 3327 imaginatione;
534 3233 601 3300 haec
612 3229 796 3322 abjicienda,
812 3248 865 3300 aut
874 3233 983 3300 adalia
990 3232 1206 3300 convertenda.
1225 3233 1263 3302 Si
1273 3233 1314 3304 al)

290 3329 418 3422 objectis
427 3327 559 3396 externis
571 3342 624 3396 aut
637 3326 863 3407 occasionibus;
878 3325 945 3394 haec
959 3325 1118 3418 fugienda,
1131 3326 1166 3396 ni
1178 3328 1314 3398 rationes

290 3427 398 3496 contri
414 3421 567 3506 militent,
590 3437 643 3491 eut
664 3421 705 3490 ab
730 3421 870 3490 omnibus
894 3421 1025 3513 objectis
1048 3422 1118 3516 quis
1138 3440 1312 3494 moventur.
1364 3506 1369 3513 Ι

290 3522 327 3594 Si
347 3547 385 3592 er
398 3519 625 3616 complexione,
639 3517 825 3612 abundantii
844 3516 1029 3598 humorum
1053 3517 1249 3591 abstinente.
1275 3517 1313 3587 Si

290 3645 328 3689 cx
336 3617 449 3688 timore
459 3648 467 3698 ς
476 3613 696 3714 ,ιίιιεειιᾶιιερι
709 3614 877 3711 spernendi
889 3629 1010 3697 motus,
1023 3627 1083 3684 etc.

316 3809 356 3876 (a)
368 3809 416 3860 Sed
425 3795 634 3872 qnaenemesttlle
643 3805 780 3870 instauratio
789 3807 886 3858 nonnisi
895 3807 1031 3871 peractum
1040 3805 1168 3857 formalem
1178 3804 1311 3867 displicer·

289 3881 331 3934 tte
348 3880 477 3934 restem
496 3879 603 3948 nothus
619 3880 718 3949 ιιιιιιι,
728 3880 778 3935 ἰιι
792 3886 877 3933 eorm
890 3889 1056 3946 camanum
1070 3873 1218 3933 deserentis
1233 3867 1310 3942 tuxtt
