2990 4674
576 363 815 418 DECALOGI.
1139 376 1208 449 219

224 451 389 528 Contentio
404 465 450 520 est
464 449 621 519 altercatio
632 452 814 532 verborum,
831 449 855 517 si
868 459 1039 542 generatim
1052 471 1206 535 somatum

182 547 238 614 sed
252 563 342 639 prout
362 546 415 615 hic
429 547 577 629 sumitur,
602 562 647 614 est
659 547 850 640 impugnatio
865 546 1001 616 veritatis
1024 571 1116 640 quarn
1140 551 1208 642 quis

180 643 286 726 novit,
302 659 353 710 aut
367 658 467 737 potest
482 659 511 710 et
526 643 618 711 dehet
632 667 770 708 noscere.

223 736 389 806 Discordia
412 753 443 806 et
458 738 611 805 contentio
634 754 760 830 peccate
785 743 859 802 sunt'
874 736 1017 804 mortalia
1037 750 1213 828 exgenere

180 855 255 912 sue,
284 850 315 903 et
333 834 409 904 talia
421 833 462 902 de
483 833 613 902 saetosi
635 858 671 902 ea
683 831 847 903 comitetur
867 857 957 900 error
969 833 1113 928 pertinax
1126 835 1208 904 circe

180 929 352 1002 necessaria
363 929 403 998 ad
414 928 556 1009 salutem,
572 941 625 996 aut
635 928 663 999 si
673 928 788 998 bonum
798 927 932 1020 proximi
943 927 1078 1002 notabile
1091 930 1209 1026 inapug·

180 1038 288 1106 netur,
312 1025 465 1094 veritasve
480 1026 521 1092 ad
539 1025 652 1107 fidem,
681 1049 802 1105 meres,
821 1039 906 1105 ete,
926 1023 1098 1118 pertiuens;
1117 1022 1169 1092 vel
1181 1027 1208 1094 si

181 1119 288 1206 gravia
300 1119 434 1188 habeant
447 1121 592 1208 adjuneta
606 1120 785 1196 scandahrm
799 1119 1087 1192 auteontumeliam.

222 1213 321 1282 Levia
345 1230 450 1283 umen
467 1240 504 1282 ex
518 1241 567 1297 se,
593 1217 658 1284 irno
672 1219 764 1308 saepe-
776 1215 948 1286 urdlatenus
973 1215 1206 1310 peecarninoea,

182 1311 206 1378 si
222 1311 309 1403 quis,
325 1311 408 1379 horit
421 1310 499 1390 lide,
523 1310 683 1384 dissentiat
696 1326 749 1378 aut
763 1310 970 1391 contradicat,
989 1311 1125 1404 putando
1141 1337 1209 1378 rna·
1228 1371 1233 1385 „
1309 1343 1312 1352 ¹

182 1406 245 1474 lurn
253 1404 414 1475 velmiuirs
424 1405 558 1485 bouum,
570 1404 798 1483 conuenientius
806 1420 857 1470 aut
868 1403 1157 1476 miuusaonveniens
1168 1407 1208 1474 ad

181 1500 244 1567 Dei
258 1498 392 1590 gloriam
406 1514 437 1572 et
449 1497 745 1593 pretini-salutem,
763 1497 953 1591 wodalieer
963 1495 1057 1569 alteri
1071 1497 1206 1568 videtur.

559 1643 764 1730 dRTlCULUS
780 1673 831 1729 111.

492 1841 495 1846 ’
559 1821 835 1876 Danxldeedttteue.

224 1979 296 2039 251.
311 1971 400 2038 Rrxa
414 1985 459 2039 est
469 1994 573 2066 pugna
580 1969 695 2066 lingua
708 1987 739 2040 et
750 1996 897 2044 manuum
907 1972 988 2044 inter
998 1972 1133 2066 privatos
1147 1976 1208 2065 qua

181 2067 269 2142 tales,
329 2107 340 2125 x
437 2133 442 2144 ,
625 2117 627 2122 -
785 2095 788 2104 ·
884 2123 886 2126 .

223 2160 366 2228 Mortalis
384 2175 428 2228 est
443 2182 486 2228 ex
500 2181 682 2248 generosae
696 2160 729 2232 in
743 2178 936 2250 aggressura.

224 2257 288 2326 Sed
303 2259 334 2325 in
348 2284 381 2325 se
392 2257 576 2328 defendente
588 2281 650 2327 non
664 2271 709 2330 est
719 2256 948 2349 peccaminosa,
963 2247 1071 2332 ssisolo
1082 2255 1135 2324 liat
1145 2256 1209 2326 ani·

181 2377 233 2421 mo
248 2378 281 2420 se
293 2352 478 2422 defendendi
500 2367 530 2420 et
546 2377 616 2418 curn
629 2353 854 2424 moderatione.

224 2447 288 2516 Sed
302 2448 446 2529 venialis,
472 2464 563 2531 tunc,
589 2447 616 2516 si
631 2447 806 2540 aliqualiter
821 2447 1023 2517 irnrnederatd
1038 2445 1208 2536 habeatur,

181 2542 231 2612 vel
245 2563 315 2614 curn
328 2560 415 2614 motu
429 2544 485 2614 irae
495 2559 548 2612 aut
562 2543 705 2614 vindictae
720 2543 792 2610 levi.

222 2638 367 2706 Mortalis
382 2641 508 2718 demum
521 2639 549 2708 si
564 2639 728 2710 obfirmato
742 2665 775 2706 se
790 2637 963 2708 defendens,
974 2635 1008 2704 in
1021 2636 1207 2730 impugnan-

182 2749 246 2800 tern
260 2733 397 2821 insurgat
410 2735 450 2817 ad
465 2761 536 2803 eum
555 2732 760 2801 occidendum
772 2729 841 2812 aut,
859 2745 894 2796 ut
908 2734 1008 2822 saepe,
1031 2729 1209 2826 notabiliter

156 2825 369 2892 laedendum.
1075 2849 1084 2863 ·
1173 2864 1191 2893 a

638 2925 750 2938 t—

225 3000 297 3068 252.
325 2992 447 3061 Seditio
461 3008 507 3061 est
530 2992 657 3060 bellum·
672 2994 778 3064 neutra
792 2991 1003 3063 auctoritatem
1017 2991 1206 3084 legitimam,

182 3087 232 3156 'vel
245 3087 334 3154 unius
347 3080 444 3179 partis
460 3084 637 3180 reipublicae
656 3087 764 3152 contra
778 3083 908 3153 alteram
925 3100 1059 3182 partem.
1078 3171 1081 3180 ἢ
1136 3134 1139 3140 -

223 3179 299 3252 Non
318 3181 488 3275 coneipitur
505 3207 573 3250 earn
595 3179 748 3268 venialem
767 3205 832 3256 esse
846 3205 954 3274 pesse,
970 3180 1029 3250 nisi
1044 3202 1104 3267 per·
1121 3178 1206 3247 neri·

183 3277 275 3356 dens,
289 3295 318 3346 et
333 3283 415 3346 eert'e
429 3277 601 3360 rarissime,
623 3277 785 3370 aeliamque
800 3276 836 3350 in
845 3275 1020 3370 aliquibuea
1031 3275 1104 3369 quia
1119 3273 1206 3361 valde

183 3373 285 3480 gravis
301 3390 365 3460 est,
385 3379 491 3475 utpote
514 3373 683 3454 enormiter
697 3374 864 3450 advertens
876 3371 947 3478 paci
972 3387 1004 3442 et
1019 3373 1103 3442 beno
1118 3393 1206 3438 eent-

184 3491 281 3538 munla
