2990 4672
287 293 356 384 ¹⁵4
647 318 706 372 na
725 296 954 380 nascaris,

755 512 838 580 gut

256 697 260 706 '
325 693 397 782 178.
412 687 609 761 Ionoaann'm
623 705 669 760 est
682 691 819 760 earmtia
829 691 965 766 scientia
975 688 1011 759 in'
1021 687 1162 784 subjeeto
1173 690 1265 798 apto,

289 807 290 810 ’
322 782 388 854 Per
405 785 565 854 scientiam
580 787 720 880 intellige
743 787 1004 888 qualemcumque
1016 787 1160 856 notitiam
1174 813 1228 856 seu
1241 793 1311 882 cog-J

280 881 431 950 uitionem
450 881 544 951 etiam
556 883 777 973 dubitativam,
800 883 982 970 virtualem,
999 881 1184 952 indirectam
1206 900 1236 954 et
1254 885 1311 954 im·

282 977 437 1071 plicitam.

324 1073 361 1140 Si
386 1073 451 1162 ejus
466 1071 603 1142 carentia
617 1073 656 1142 sit
669 1071 852 1158 habitualis,
867 1089 996 1144 vocatur
1019 1073 1200 1168 simpliciter
1221 1075 1310 1168 igno·

282 1167 395 1234 rantia.
462 1171 466 1177 ’
1238 1169 1240 1174 ’

323 1262 361 1329 Si
374 1261 414 1330 sit
428 1259 571 1345 actualis,
593 1261 649 1332 sed
662 1263 709 1332 rei
725 1288 795 1358 quae
805 1263 1009 1336 'habitualiter
1022 1265 1236 1360 cognoscitur,
1254 1287 1309 1334 vo·

282 1373 369 1426 catur
385 1357 629 1438 inadvertentia;

322 1451 367 1522 Et
378 1451 405 1520 si
418 1451 464 1520 rei
474 1451 550 1522 olim
564 1453 713 1546 cognitae,
730 1453 859 1523 oblivio.

322 1545 559 1616 Inadvertentiae
580 1565 610 1616 et
624 1549 772 1618 oblivioni
789 1549 974 1644 applicanda
991 1567 1100 1637 erunt,
1122 1547 1311 1646 generaliter

281 1641 451 1736 loquendo,
468 1667 537 1734 quae
551 1643 688 1713 dicemus
705 1645 745 1713 de'
758 1645 945 1738 ignorantia.
1266 1667 1278 1680 ‘
1301 1653 1305 1662 '

321 1737 499 1829 Ignorantia
510 1755 555 1807 est
564 1741 721 1832 negativa,
734 1767 803 1834 quaa
816 1745 902 1809 meri.
917 1754 964 1808 est
978 1741 1117 1809 absentia
1128 1741 1310 1834 cognitionis

280 1826 374 1924 ¹quarn
388 1832 457 1942 guis
470 1860 532 1902 non
555 1850 676 1904 tenetur
689 1835 819 1917 babere,
834 1851 869 1904 ut
889 1833 1064 1928 ignorantia
1075 1834 1154 1925 juris
1168 1835 1310 1904 canonici

281 1925 455 1997 inrustrco.
470 1929 550 1999 Haec
562 1931 665 2025 potiits
677 1945 723 1999 est
735 1929 915 2000 nescientia.
1304 1935 1306 1940 ’

291 2023 295 2030 ’
321 2023 396 2111 Alia
407 2025 571 2120 privativa,
581 2053 650 2120 quae
662 2043 707 2094 est
717 2027 850 2122 privatio
860 2024 995 2095 scientiae
1006 2049 1101 2118 quam
1111 2025 1311 2119 quistenetur

279 2117 406 2200 habere,
414 2136 449 2188 ut
463 2121 637 2214 ignorantia
646 2123 866 2216 mysteriorum
874 2121 947 2190 fidei
957 2119 1036 2190 scitu
1048 2121 1307 2190 necessariorum.

320 2215 365 2282 Et
377 2215 439 2281 alia
452 2241 557 2307 pravae
571 2219 792 2316 dispositionis,
805 2246 860 2288 seu
874 2243 975 2300 error,
986 2233 1018 2286 et
1028 2232 1074 2286 est
1083 2216 1234 2309 judicium
1248 2241 1310 2312 quo

280 2310 463 2376 assentimur
477 2309 564 2378 falsis
578 2327 727 2405 tanquam
737 2315 836 2396 veris,
851 2331 904 2382 aut
918 2319 935 2382 ὲ
950 2317 1073 2382 contra.

319 2401 373 2470 De
386 2403 452 2471 sold
466 2397 641 2496 ignorantia
652 2407 808 2502 privativa
821 2408 924 2500 agitur
941 2407 1010 2492 bio,
1032 2423 1063 2476 et

280 2494 281 2498 ¹
320 2496 398 2566 Alia
412 2514 457 2568 est
469 2501 566 2591 juris,
582 2505 644 2594 qud
654 2503 815 2596 ignoratur
828 2503 880 2571 lex
894 2519 947 2572 aut
961 2517 1165 2600 praeceptum.

281 2684 303 2758 d
319 2589 398 2662 Alia
410 2593 485 2663 faeti
495 2649 503 2682 ,
514 2599 576 2691 qua
589 2599 750 2692 ignoratur
763 2598 882 2670 factum
893 2613 951 2682 ‘aut
965 2593 1225 2669 circumstantia'b
1237 2599 1316 2715 lege-

246 2738 249 2743 -
304 2689 438 2758 istincta.
741 2699 744 2706 “
869 2701 871 2704 ’
1160 2714 1163 2721 ·
1259 2720 1261 2724 ’
1287 2694 1294 2717 ’

319 2786 397 2855 Alia
406 2787 594 2860 invincibilis
607 2795 677 2884 quae
688 2790 739 2860 vel
752 2817 815 2860 non
830 2789 957 2875 debuit,
971 2789 1022 2859 vel
1035 2789 1063 2858 si
1076 2789 1203 2874 debuit,
1218 2814 1310 2886 supe-

280 2879 344 2950 rari
357 2898 461 2952 tamen
480 2909 543 2951 non
565 2887 666 2980 potuit
689 2885 830 2955 adhibita
843 2886 1007 2980 diligantid
1025 2885 1153 2969 morali,
1182 2885 1218 2954 id
1243 2901 1308 2971 est,

279 3001 337 3046 nec
349 2976 429 3059 levi,
444 3005 502 3048 nec
515 2983 654 3064 summa,
675 2981 731 3051 sed
751 3008 846 3075 quam
867 2983 928 3052 viri
949 2981 1118 3078 ¹prudentes
1138 2977 1308 3070 adhibent,

279 3071 515 3166 proportionatd
548 3073 657 3144 roindb
670 3078 816 3170 gravitati
831 3103 951 3146 rerum.

320 3165 397 3235 Alia
410 3099 578 3250 vineibilis,
591 3195 678 3264 quae,
695 3171 836 3242 adhibita
848 3169 961 3240 morali
978 3165 1157 3260 diligentia,
1171 3163 1240 3236 tolli
1253 3191 1311 3266 pos

276 3259 339 3328 ¹tuit
354 3275 384 3328 et
394 3261 568 3349 debuit(a),
580 3261 709 3360 baeoque
720 3284 786 3351 est,

322 3353 387 3443 Vel
398 3356 503 3426 stricti
517 3357 691 3442 vincibilis,
704 3388 774 3456 quae
788 3359 971 3437 difficulter;

274 3525 277 3530 ,
322 3441 518 3536 veterana,
538 3479 607 3548 quae
624 3455 736 3535 lacilb3

253 3623 259 3634 ,
321 3543 386 3616 Vel
400 3549 519 3644 supina,
530 3577 598 3646 quae
608 3551 758 3621 facillima
769 3547 909 3643 superari
920 3546 1034 3643 potuit.

321 3639 412 3737 Saepb
424 3669 526 3715 crassa
538 3661 567 3716 et
580 3647 690 3740 supina
701 3644 942 3714 confunduntur.

321 3737 387 3807 Vel
399 3742 524 3813 tandem
533 3743 690 3824 affectata,
704 3766 773 3833 quae
785 3742 901 3812 directi
917 3743 1014 3812 volita
1028 3755 1075 3814 est
1086 3757 1118 3812 et
1130 3741 1260 3808 intenta.

320 3834 406 3909 Nota
415 3831 426 3906 ι’
438 3837 484 3908 Hi
493 3837 618 3910 termini
631 3865 639 3908 ε
653 3840 844 3930 Ignorantia
854 3839 1060 3922 invincibilis,
1072 3832 1301 3915 involuntarie,
