2948 4676
254 515 259 527 .
359 379 1011 532 annotetur

376 648 904 770 ¹‘transeuntem
1008 724 1011 730 ,

101 865 103 870 .
186 852 188 861 ¹
309 874 346 882 m·
501 873 530 884 „
797 875 804 884 ἐ
1150 881 1199 912 m

184 942 189 954 r

412 1121 413 1128 ψ
501 1015 799 1109 strutus
824 1015 899 1107 r.·

365 1187 1003 1272 nusaenauuur1s1nuuuunrt.

487 1486 654 1552 CAPUT
673 1478 885 1552 PRIMUM.

338 1665 370 1712 bs
385 1670 495 1718 sarum,
513 1675 611 1710 mne
626 1675 658 1709 ιτ
674 1675 798 1710 armenas
813 1663 1029 1711 sacrauurrorum

220 1837 248 1880 ι.
261 1799 478 1880 Saeuamtur'a
487 1804 679 1902 novaelegis,
692 1809 731 1878 de
745 1805 855 1904 quibus
870 1809 923 1880 bic
935 1810 1053 1894 solium,
1064 1825 1134 1880 sunt
1145 1829 1194 1881 res

172 1906 312 1977 sensibus
330 1907 492 1995 subjectae,
508 1930 577 1998 quae
598 1932 636 1973 ex
650 1905 839 1975 institutione
852 1906 987 1992 Christi,
1001 1907 1067 1978 vim
1080 1906 1194 1976 habent

173 1999 367 2095 significandi
380 2017 410 2103 ct
421 1999 612 2094 producendi
625 2000 769 2094 gratiam»

217 2219 246 2261 2.
266 2193 466 2262 Sacramenta
481 2207 550 2261 sunt
565 2217 694 2261 numero
712 2205 845 2286 septem,
861 2191 1057 2288 Baptismus,
1074 2192 1196 2263 Cendr*

129 2305 132 2316 ¹
174 2281 285 2376 matio,
298 2277 746 2382 e'tc.,dignitate,necessitate
758 2305 787 2358 et
798 2285 958 2358 effectibus
970 2284 1117 2385 disparia.

217 2485 248 2550 3.
266 2481 485 2564 Sacramenta,
503 2479 537 2548 in
553 2504 615 2550 non
637 2479 820 2574 ponentibus
846 2477 992 2570 obicem,
1006 2478 1137 2570 gratiam
1157 2498 1196 2550 ex

173 2603 268 2673 opere
283 2593 428 2672 operato,
441 2603 496 2645 seu
508 2575 621 2644 virtute
636 2576 725 2644 sibia
739 2574 866 2643 Christo
880 2574 994 2657 indita,
1008 2576 1194 2668 producunt,

215 2675 371 2764 Maiorem
385 2673 512 2767 quidem
525 2671 576 2742 vel
588 2673 754 2756 minorem,
768 2697 825 2766 pro
838 2671 1090 2764 dispositionibus
1103 2671 1197 2740 susci-

174 2769 351 2866 pientium,

215 2865 353 2956 Haecque
371 2857 538 2932 habitualis
561 2877 608 2932 est
629 2863 684 2930 sed
698 2857 908 2942 sanctificans,
926 2858 960 2928 in
970 2857 1032 2952 qud
1049 2863 1197 2954 tanquam

174 2961 245 3050 jure
255 2961 420 3028 fundantur
433 2959 541 3052 gratiae
551 2959 683 3026 actuales
694 3013 702 3041 ,
714 2983 783 3052 qnae
796 2957 1030 3028 sacramentales
1041 2957 1196 3040 dicuntur,

174 3073 315 3150 tempore
329 3056 438 3125 daudae
455 3070 627 3151 opportuno
640 3107 650 3138 ,
664 3055 705 3124 ad
722 3055 815 3124 finem
832 3053 997 3144 cujuslibet
1013 3055 1197 3129 sacramenti

174 3151 348 3246 proprium.
763 3217 766 3237 ,

218 3246 418 3335 Sacramenta
428 3270 497 3338 quac
508 3244 548 3314 ad
558 3241 694 3340 primam
702 3243 835 3336 gratiam
842 3239 1072 3338 producendam
1084 3242 1199 3337 prima

175 3341 223 3412 rid
236 3340 376 3410 instituta
386 3356 475 3424 sunt,
489 3339 669 3438 Baptismus
679 3343 791 3434 nemp'e
805 3354 836 3408 et
850 3335 1053 3422 Pocnitentia,
1065 3354 1200 3408 mortuo

175 3461 261 3514 rum,

217 3531 298 3622 Qua
312 3535 387 3602 verb
401 3533 440 3600 ad
456 3531 639 3613 secundam,
662 3531 716 3598 sed
730 3542 928 3620 augmentum
946 3527 1074 3622 gratia,
1090 3542 1200 3596 catera

174 3632 298 3722 nempb,
309 3627 453 3696 vivorum
467 3641 659 3695 sacramenta
670 3623 825 3694 dicuntur.

217 3722 281 3792 Sed
294 3729 485 3814 sacramenta
498 3739 691 3790 mortuorum
704 3719 839 3812 gratiam
847 3717 1014 3790 secundam
1027 3717 1201 3814 producunt

154 3897 160 3914 Ι
175 3843 231 3910 per
241 3817 383 3888 accidens
392 3872 400 3901 ,
410 3817 443 3886 in
454 3819 517 3907 jam
526 3816 698 3909 justificatis
710 3818 780 3903 (a)=

216 3913 259 3983 Et
273 3913 377 3984 omnia
386 3911 503 4010 gratias
519 3913 691 4010 insuperex
709 3935 802 4002 opere
818 3913 990 4004 operantis.

278 4027 302 4062 Ιο
1059 4031 1065 4040 ·
1087 4019 1097 4054 Ι
