2984 4666
567 321 803 379 nucnroer.
1128 330 1192 394 ιιι

206 403 240 470 ιι)
251 407 302 479 Nisi
313 405 374 457 torti
386 407 522 492 ‚inuniunt
531 401 619 480 nieritb
630 412 756 492 nonnulli,
776 411 990 470 iuramentumsic
1008 409 1063 462 flete
1075 413 1139 462 iiat'
1133 429 1158 462 ιιι
1171 429 1197 464 ιι

175 477 224 524 ieri
237 479 262 526 ιι
273 473 343 539 reri,
354 479 380 528 et
390 475 459 528 extr'a
471 468 601 538 iudicium.
612 481 740 528 Nouenim
750 493 836 541 magna
845 481 944 529 ridetur
962 483 1020 530 tunc
1032 483 1085 530 fleri
1092 486 1197 534 nomini

167 547 239 594 'Dei'
233 547 332 605 iniuria.

205 618 252 665 Sed
262 629 310 664 non
320 617 387 664 idem
398 615 529 665 dicendum
536 615 635 665 ridetur
643 617 674 666 de
685 631 714 666 eo
721 619 765 678 qni
775 615 840 666 serio
849 617 944 676 iuraret
959 619 1012 666 sine
1021 619 1158 669 intentione
1168 615 1196 670 sit

173 686 306 746 obligandi,
318 687 361 734 aut
369 687 536 746 juramentum
544 687 693 746 exequendi.
704 687 838 734 mortaliter
846 688 913 734 enim
921 687 1044 746 peccaret.

204 753 254 804 imo
265 756 307 803 hic·
318 756 359 803 tati
368 755 507 814 juramento
518 755 607 817 ligatus
616 755 714 802 videtur
724 755 843 815 pluribus
852 751 937 804 contra
955 757 1053 816 piures,
1064 756 1122 816 quia
1134 755 1199 804 obii-

173 826 238 886 gatio
245 826 378 883 juramenti
388 825 479 884 abipso
488 825 659 884 inseparabilis
670 825 715 883 ost,
730 825 778 871 nisi
787 825 925 882 juranshoc
933 825 1043 886 sciverit,
1049 825 1137 887 inquit
1144 827 1198 873 Bit·

75 949 79 953 ,
174 895 269 954 inart,
258 895 317 954 quia
327 895 385 942 tunc
396 894 480 941 nolens
492 906 519 940 se
528 893 651 952 obligare,
661 893 755 940 noluit'
747 906 841 974 parare.

204 962 236 1024 (c)
250 964 319 1012 Valet
329 961 395 1022 erpo,
407 963 440 1022 et,
452 963 483 1010 ob
494 962 659 1010 reverentiam
668 963 761 1010 nonrini
776 962 859 1009 divino
870 951 977 1009 debitam
984 962 1103 1022 ‚impleri
1122 961 1196 1010 dehet
1304 979 1309 987 ·

171 1029 337 1090 iuramentum
348 1031 562 1090 solvendiusuras,
572 1043 692 1077 summam
703 1031 734 1078 ad
742 1031 861 1077 latronern
872 1031 1009 1090 deferendi,
1021 1032 1070 1078 eto.

201 1101 266 1159 Quin
276 1103 301 1148 et
315 1099 464 1147 concludunt
476 1100 548 1145 multi
570 1095 650 1148 contri
662 1101 723 1146 alios
736 1099 862 1159 captivum
880 1099 960 1146 teneri
972 1100 997 1146 vi
1017 1097 1175 1156 juramenti
1168 1112 1195 1147 ιιι

171 1181 293 1216 carcerem
302 1168 393 1226 redire,
410 1168 456 1214 etsi
468 1179 532 1214 mors
543 1167 579 1214 1111
599 1167 726 1215 immineat
736 1199 743 1226 ,
755 1167 803 1214 nisi
819 1168 892 1216 aliter
911 1167 1019 1227 postulet
1027 1169 1118 1215 bonurn
1127 1181 1195 1215 com·

171 1252 255 1298 mune,
266 1239 307 1288 rel
326 1237 553 1296 nisi'dispensetur3
568 1237 626 1296 quia
635 1238 806 1294 juramentum
820 1237 865 1284 boc
877 1237 1019 1297 potuitesse
1030 1237 1153 1296 prudens,
1166 1238 1192 1286 et

169 1309 285 1355 executio
297 1305 350 1364 ejns
365 1305 432 1351 licita
444 1305 489 1362 est,
502 1300 585 1362 utpote
603 1306 671 1351 aetus
692 1305 855 1364 tortitudinis3
877 1301 955 1352 soliun
975 1306 1041 1352 enim
1061 1305 1148 1363 objicit
1166 1319 1193 1354 se

169 1377 289 1436 periculo.
301 1374 390 1422 Valent
404 1373 456 1427 baec
476 1373 612 1431 presertim
623 1371 666 1419 ubi
682 1383 805 1431 regressus
824 1374 851 1420 in
866 1385 989 1421 carcerem
1010 1374 1142 1422 inserviret
1161 1375 1193 1422 ad

171 1448 306 1493 immunem
315 1441 479 1502 praestandum
489 1441 614 1492 custodem
624 1442 795 1502 innocentem,
805 1443 849 1490 aut
858 1441 889 1490 ad
896 1443 1082 1504 impediendum
1095 1443 1194 1504 religio·

172 1514 210 1562 uis
219 1512 395 1570 contemptum.

201 1581 249 1629 Sed
257 1575 408 1660 probabilior
418 1577 490 1625 aliter
500 1575 581 1636 esset,
593 1577 613 1624 si
623 1572 708 1634 jurans
718 1589 766 1624 non
777 1543 931 1638 previdisset
948 1577 1033 1625 mortis
1043 1561 1192 1637 perieulum.

201 1649 322 1696 Αιοιιιοιι
334 1643 415 1694 contris
422 1646 588 1704 juramentum
597 1645 681 1705 sugere
697 1647 813 1694 illicitum
822 1659 873 1705 reo,
889 1648 935 1695 etsi
944 1660 1007 1694 mors
1019 1648 1042 1694 ei
1054 1648 1191 1696 immineat.

200 1719 289 1766 Notaui
302 1712 367 1777 quod
385 1717 404 1763 si
416 1717 442 1762 iu
459 1716 498 1762 bis
508 1715 551 1762 aut
560 1715 682 1762 similibus
693 1715 788 1763 casibus
799 1715 891 1764 iactum
907 1717 982 1764 tuerit
992 1717 1076 1762 aliud'
1068 1730 1194 1775 puramen-

172 1783 330 1846 tuns‚nenrpe
343 1799 392 1832 non
410 1784 509 1844 petendi
520 1779 533 1831 iu
546 1784 622 1844 priori
641 1783 857 1844 dispensationem,
879 1785 945 1832 istud
961 1786 1077 1832 ultimum
1096 1787 1193 1834 nullum

170 1859 248 1916 esset,
257 1857 315 1917 quia
326 1855 472 1912 laederetjus
482 1853 604 1901 sceleste.
623 1853 672 1900 Alii
681 1854 767 1902 dicunt
785 1849 800 1902 i
811 1855 954 1915 posteriori,
964 1855 1021 1902 dein
1031 1851 1044 1902 ir
1062 1855 1137 1914 priori
1148 1868 1193 1916 pe·

170 1926 268 1974 tendam
279 1925 330 1972 iore
340 1923 554 1983 dispensationem.
566 1923 591 1970 Si
603 1929 672 1970 casus
682 1923 808 1982 eveniret,
820 1923 980 1982 exponendus
990 1924 1053 1970 toret
1064 1925 1174 1982 praelato.

200 1992 246 2045 irre
260 1995 361 2051 insuper
378 1992 446 2038 notat
456 1993 482 2038 P.
501 1991 561 2036 Gab.
577 1990 632 2036 Ant.
648 1998 697 2036 non
710 1991 793 2037 valere
810 1989 1018 2046 juramentumde
1034 2002 1083 2036 non
1097 1991 1192 2040 detrun·

169 2062 256 2110 ciendo
267 2061 361 2110 latrone
376 2059 467 2105 ineasu
477 2052 550 2117 supri'r
560 2056 634 2115 dicto,
642 2057 701 2122 quia
712 2055 775 2102 toret
785 2051 869 2103 contris
879 2057 971 2102 bouum
983 2069 1121 2104 commune.

212 2221 285 2284 311.
306 2212 523 2280 iuramentum
542 2224 589 2278 est

211 2309 333 2378 Aliud
323 2323 495 2387 internum,
514 2305 614 2398 quod,
633 2303 803 2382 nullatenus
817 2302 1061 2388 manifestabimur
1084 2306 1118 2374 in
1132 2306 1194 2375 Dei
1223 2325 1226 2340 ¹

171 2407 319 2476 honorem
338 2401 438 2470 solum
453 2399 519 2467 fiori
533 2415 653 2504 potest;

211 2501 240 2570 Ε
241 2518 254 2568 ι
267 2499 363 2567 aliud
366 2511 538 2564 externum.
695 2563 698 2568 ,

208 2595 307 2663 Aiiud
321 2589 536 2672 assentorium,
561 2593 594 2656 in
608 2585 869 2656 confirmationem
883 2592 993 2724 nemp'e
1015 2589 1191 2658 assertionis

169 2691 208 2758 de
222 2688 379 2782 praeterito
400 2683 451 2754 vol
446 2685 630 2796 praesenti·
623 2737 630 2763 ,

209 2784 252 2850 Et
262 2783 346 2850 aliud
352 2807 600 2892 promissorium,
620 2805 681 2872 quo
693 2781 888 2848 confirmatur
899 2779 1062 2874 promissio
1073 2779 1191 2876 stricta,

170 2895 198 2948 ιι
212 2895 283 2945 tune
298 2875 404 2942 stricte
374 2877 553 2953 tdietum,
569 2899 622 2942 seu
630 2873 841 2942 accessorium
854 2889 1002 2943 vocatur·
995 2925 1003 2952 ‚

210 2971 276 3040 Vel
294 2996 355 3064 quo
378 2969 446 3062 quis
468 2969 569 3037 soliun
583 2969 742 3037 confirmat
756 2969 873 3036 dictum
888 2995 975 3038 suum
1001 2967 1140 3052 (sive
1115 2991 1192 3035 sun-

168 3065 277 3164 plen
252 3082 293 3136 sut
307 3063 516 3160 propositum,
536 3063 601 3131 sive
616 3062 813 3132 comminatio
827 3064 841 3146 )
859 3064 898 3132 do
912 3063 1016 3156 aliquo
1031 3063 1191 3156 operesu
1201 3135 1202 3139 ,

170 3182 237 3231 turo
252 3187 270 3229 a
288 3187 321 3228 se
341 3158 533 3254 praestando,
563 3173 593 3226 et
614 3173 685 3224 tunc
711 3158 883 3251 appellatur
898 3159 963 3226 late*
976 3159 1114 3235 dicerem,
1137 3183 1192 3226 sou

167 3279 271 3344 perse
290 3265 391 3324 st.ans

212 3351 248 3418 Si
261 3350 423 3442 promissio
446 3350 618 3438 juramento
639 3347 758 3414 firmata
771 3349 824 3416 fiat
837 3347 927 3430 Deo,
942 3340 994 3414 aut
1016 3346 1167 3413 homini
1158 3372 1191 3413 ιιι

171 3443 317 3511 honorem
329 3443 406 3524 Dei,
426 3444 604 3512 diuturno
604 3468 657 3509 um
667 3453 758 3531 lura
758 3468 823 3512 um
847 3443 884 3511 Sr
898 3441 1036 3523 homnu
1056 3456 1085 3508 ιι
1099 3441 1138 3506 ab
1153 3465 1190 3508 ιο

169 3553 325 3630 acceptata
339 3537 398 3618 sit,
417 3525 531 3605 dicitur
541 3549 619 3626 pact
619 3563 672 3604 um
681 3542 838 3629 juratum.

209 3632 330 3725 Ergo
319 3646 526 3720 Juramentum
550 3633 785 3724 promissorium
808 3631 913 3699 stricti
934 3631 1070 3710 dictum,
1095 3628 1192 3698 fidoli-

170 3726 258 3811 tatis,
281 3725 406 3816 justitiae
430 3739 461 3793 et
479 3725 656 3816 roligionis3
683 3727 745 3797 lati
766 3726 884 3798 dictum
907 3739 1008 3793 autem
1032 3723 1189 3819 religionis

172 3821 270 3890 solium
283 3820 524 3910 obligationem
515 3837 672 3908 importat.

571 3943 576 3970 t
