<?xml version="1.0" encoding="UTF-8"?>
<!DOCTYPE html PUBLIC "-//W3C//DTD XHTML 1.0 Transitional//EN"
    "http://www.w3.org/TR/xhtml1/DTD/xhtml1-transitional.dtd">
<html xmlns="http://www.w3.org/1999/xhtml" xml:lang="en" lang="en">
 <head>
  <title>
</title>
<meta http-equiv="Content-Type" content="text/html;charset=utf-8" />
  <meta name='ocr-system' content='tesseract 3.04.00' />
  <meta name='ocr-capabilities' content='ocr_page ocr_carea ocr_par ocr_line ocrx_word'/>
</head>
<body>
  <div class='ocr_page' id='page_1' title='image "./theologiapracti00verngoog_0173.png"; bbox 0 0 2990 4672; ppageno 0'>
   <div class='ocr_carea' id='block_1_1' title="bbox 214 273 1286 766">
    <p class='ocr_par' dir='ltr' id='par_1_1' title="bbox 267 273 930 374">
     <span class='ocr_line' id='line_1_1' title="bbox 267 273 930 374; baseline 0.011 -29"><span class='ocrx_word' id='word_1_1' title='bbox 267 275 334 346; x_wconf 77' lang='lat'><strong>152</strong></span> <span class='ocrx_word' id='word_1_2' title='bbox 615 273 930 374; x_wconf 23' lang='lat' dir='ltr'><strong>&#39;nn&#39;onoonrtsss</strong></span> 
     </span>
    </p>

    <p class='ocr_par' dir='ltr' id='par_1_2' title="bbox 214 371 1286 766">
     <span class='ocr_line' id='line_1_2' title="bbox 303 371 1284 480; baseline 0.01 -34"><span class='ocrx_word' id='word_1_3' title='bbox 303 379 368 450; x_wconf 91' lang='lat' dir='ltr'><strong>Vel</strong></span> <span class='ocrx_word' id='word_1_4' title='bbox 385 371 612 465; x_wconf 77' lang='lat' dir='ltr'><strong>antecedentia,</strong></span> <span class='ocrx_word' id='word_1_5' title='bbox 628 405 698 476; x_wconf 82' lang='lat' dir='ltr'><strong>quae</strong></span> <span class='ocrx_word' id='word_1_6' title='bbox 710 388 822 478; x_wconf 80' lang='lat' dir='ltr'><strong>nemp&#39;e</strong></span> <span class='ocrx_word' id='word_1_7' title='bbox 843 385 1007 480; x_wconf 84' lang='lat' dir='ltr'><strong>praeveniri</strong></span> <span class='ocrx_word' id='word_1_8' title='bbox 1027 382 1094 454; x_wconf 76' lang='lat' dir='ltr'><strong>non&#39;</strong></span> <span class='ocrx_word' id='word_1_9' title='bbox 1102 381 1284 480; x_wconf 64' lang='lat' dir='ltr'><strong>potuerinta</strong></span> 
     </span>
     <span class='ocr_line' id='line_1_3' title="bbox 214 476 1286 575; baseline 0.009 -33"><span class='ocrx_word' id='word_1_10' title='bbox 214 499 227 528; x_wconf 89' lang='lat'><strong>·-</strong></span> <span class='ocrx_word' id='word_1_11' title='bbox 256 476 311 543; x_wconf 87' lang='lat' dir='ltr'><strong>-vel</strong></span> <span class='ocrx_word' id='word_1_12' title='bbox 326 477 577 558; x_wconf 79' lang='lat' dir='ltr'><strong>concomitantia,</strong></span> <span class='ocrx_word' id='word_1_13' title='bbox 591 482 663 546; x_wconf 79' lang='lat' dir='ltr'><strong>edm</strong></span> <span class='ocrx_word' id='word_1_14' title='bbox 673 479 738 548; x_wconf 88' lang='lat' dir='ltr'><strong>sine</strong></span> <span class='ocrx_word' id='word_1_15' title='bbox 752 479 826 564; x_wconf 87' lang='lat' dir='ltr'><strong>iltis,</strong></span> <span class='ocrx_word' id='word_1_16' title='bbox 838 497 924 550; x_wconf 86' lang='lat' dir='ltr'><strong>actus</strong></span> <span class='ocrx_word' id='word_1_17' title='bbox 937 484 1024 575; x_wconf 80' lang='lat' dir='ltr'><strong>aequ&#39;e</strong></span> <span class='ocrx_word' id='word_1_18' title='bbox 1036 483 1139 565; x_wconf 88' lang='lat' dir='ltr'><strong>fieret,</strong></span> <span class='ocrx_word' id='word_1_19' title='bbox 1149 509 1205 552; x_wconf 88' lang='lat' dir='ltr'><strong>nec</strong></span> <span class='ocrx_word' id='word_1_20' title='bbox 1215 499 1286 552; x_wconf 87' lang='lat' dir='ltr'><strong>sunt</strong></span> 
     </span>
     <span class='ocr_line' id='line_1_4' title="bbox 262 572 1285 666; baseline 0.008 -26"><span class='ocrx_word' id='word_1_21' title='bbox 262 574 329 661; x_wconf 89' lang='lat' dir='ltr'><strong>ejus</strong></span> <span class='ocrx_word' id='word_1_22' title='bbox 346 597 453 652; x_wconf 85' lang='lat' dir='ltr'><strong>causa;</strong></span> <span class='ocrx_word' id='word_1_23' title='bbox 473 572 524 642; x_wconf 84' lang='lat' dir='ltr'><strong>rel</strong></span> <span class='ocrx_word' id='word_1_24' title='bbox 544 573 776 666; x_wconf 82' lang='lat' dir='ltr'><strong>subsequentia,</strong></span> <span class='ocrx_word' id='word_1_25' title='bbox 794 575 823 656; x_wconf 73' lang='lat' dir='ltr'><strong>si,</strong></span> <span class='ocrx_word' id='word_1_26' title='bbox 835 575 972 644; x_wconf 89' lang='lat' dir='ltr'><strong>oriantur</strong></span> <span class='ocrx_word' id='word_1_27' title='bbox 989 603 1026 646; x_wconf 85' lang='lat' dir='ltr'><strong>ex</strong></span> <span class='ocrx_word' id='word_1_28' title='bbox 1049 577 1220 650; x_wconf 78' lang='lat' dir='ltr'><strong>deliberato</strong></span> <span class='ocrx_word' id='word_1_29' title='bbox 1232 605 1285 648; x_wconf 87' lang='lat' dir='ltr'><strong>vo-</strong></span> 
     </span>
     <span class='ocr_line' id='line_1_5' title="bbox 259 665 1148 766; baseline 0.007 -32"><span class='ocrx_word' id='word_1_30' title='bbox 259 665 387 737; x_wconf 87' lang='lat' dir='ltr'><strong>luntatis</strong></span> <span class='ocrx_word' id='word_1_31' title='bbox 403 683 492 754; x_wconf 84' lang='lat' dir='ltr'><strong>actu,</strong></span> <span class='ocrx_word' id='word_1_32' title='bbox 510 683 564 736; x_wconf 91' lang='lat' dir='ltr'><strong>aut</strong></span> <span class='ocrx_word' id='word_1_33' title='bbox 578 669 745 766; x_wconf 74' lang='lat' dir='ltr'><strong>preveniri</strong></span> <span class='ocrx_word' id='word_1_34' title='bbox 757 670 915 765; x_wconf 75' lang='lat' dir='ltr'><strong>potuerint</strong></span> <span class='ocrx_word' id='word_1_35' title='bbox 925 695 962 741; x_wconf 90' lang='lat' dir='ltr'><strong>ac</strong></span> <span class='ocrx_word' id='word_1_36' title='bbox 974 671 1148 742; x_wconf 89' lang='lat' dir='ltr'><strong>debuerint.</strong></span> 
     </span>
    </p>
   </div>
   <div class='ocr_carea' id='block_1_2' title="bbox 664 847 797 916">
    <p class='ocr_par' dir='ltr' id='par_1_3' title="bbox 664 847 797 916">
     <span class='ocr_line' id='line_1_6' title="bbox 664 847 797 916; baseline 0.008 -36"><span class='ocrx_word' id='word_1_37' title='bbox 664 847 797 916; x_wconf 54' lang='grc' dir='ltr'><strong>,μ</strong></span> 
     </span>
    </p>
   </div>
   <div class='ocr_carea' id='block_1_3' title="bbox 162 1003 1300 1960">
    <p class='ocr_par' dir='ltr' id='par_1_4' title="bbox 162 1003 1300 1960">
     <span class='ocr_line' id='line_1_7' title="bbox 302 1003 1282 1106; baseline 0.007 -30"><span class='ocrx_word' id='word_1_38' title='bbox 302 1013 375 1100; x_wconf 77' lang='grc' dir='ltr'><strong>ι76.</strong></span> <span class='ocrx_word' id='word_1_39' title='bbox 392 1003 537 1076; x_wconf 78' lang='lat' dir='ltr'><strong>Coscrto</strong></span> <span class='ocrx_word' id='word_1_40' title='bbox 547 1022 593 1078; x_wconf 91' lang='lat' dir='ltr'><strong>est</strong></span> <span class='ocrx_word' id='word_1_41' title='bbox 605 1009 653 1079; x_wconf 86' lang='lat' dir='ltr'><strong>vis</strong></span> <span class='ocrx_word' id='word_1_42' title='bbox 672 1009 712 1078; x_wconf 87' lang='lat' dir='ltr'><strong>ab</strong></span> <span class='ocrx_word' id='word_1_43' title='bbox 725 1009 899 1079; x_wconf 83' lang='lat' dir='ltr'><strong>extrinseco</strong></span> <span class='ocrx_word' id='word_1_44' title='bbox 906 1009 993 1079; x_wconf 85' lang='lat' dir='ltr'><strong>illata</strong></span> <span class='ocrx_word' id='word_1_45' title='bbox 1007 1037 1097 1106; x_wconf 86' lang='lat' dir='ltr'><strong>passo</strong></span> <span class='ocrx_word' id='word_1_46' title='bbox 1108 1012 1282 1084; x_wconf 84' lang='lat' dir='ltr'><strong>reluctanti.</strong></span> 
     </span>
     <span class='ocr_line' id='line_1_8' title="bbox 205 1102 1282 1200; baseline 0.007 -29"><span class='ocrx_word' id='word_1_47' title='bbox 205 1111 210 1117; x_wconf 84' lang='lat'>&#39;</span> <span class='ocrx_word' id='word_1_48' title='bbox 302 1102 526 1172; x_wconf 68' lang='lat' dir='ltr'><strong>voluntarium</strong></span> <span class='ocrx_word' id='word_1_49' title='bbox 534 1103 658 1173; x_wconf 79' lang='lat' dir='ltr'><strong>omnino</strong></span> <span class='ocrx_word' id='word_1_50' title='bbox 671 1103 753 1172; x_wconf 92' lang='lat' dir='ltr'><strong>tollit</strong></span> <span class='ocrx_word' id='word_1_51' title='bbox 766 1105 885 1173; x_wconf 84' lang='lat' dir='ltr'><strong>coactio</strong></span> <span class='ocrx_word' id='word_1_52' title='bbox 897 1105 1037 1200; x_wconf 84' lang='lat' dir='ltr'><strong>perfecta</strong></span> <span class='ocrx_word' id='word_1_53' title='bbox 1047 1122 1076 1176; x_wconf 88' lang='lat' dir='ltr'><strong>et</strong></span> <span class='ocrx_word' id='word_1_54' title='bbox 1086 1109 1282 1194; x_wconf 81' lang='lat' dir='ltr'><strong>antecedens,</strong></span> 
     </span>
     <span class='ocr_line' id='line_1_9' title="bbox 259 1196 1281 1300; baseline 0.005 -32"><span class='ocrx_word' id='word_1_55' title='bbox 259 1225 315 1268; x_wconf 89' lang='lat' dir='ltr'><strong>seu</strong></span> <span class='ocrx_word' id='word_1_56' title='bbox 328 1198 447 1269; x_wconf 91' lang='lat' dir='ltr'><strong>coactio</strong></span> <span class='ocrx_word' id='word_1_57' title='bbox 466 1196 573 1266; x_wconf 75' lang='lat' dir='ltr'><strong>stricte</strong></span> <span class='ocrx_word' id='word_1_58' title='bbox 596 1198 697 1278; x_wconf 85' lang='lat' dir='ltr'><strong>dicta;</strong></span> <span class='ocrx_word' id='word_1_59' title='bbox 709 1203 808 1269; x_wconf 78' lang='lat' dir='ltr'><strong>secus</strong></span> <span class='ocrx_word' id='word_1_60' title='bbox 820 1199 1003 1294; x_wconf 83' lang='lat' dir='ltr'><strong>imperfecta</strong></span> <span class='ocrx_word' id='word_1_61' title='bbox 1019 1217 1049 1271; x_wconf 88' lang='lat' dir='ltr'><strong>et</strong></span> <span class='ocrx_word' id='word_1_62' title='bbox 1070 1200 1281 1300; x_wconf 61' lang='lat' dir='ltr'><strong>consequens,</strong></span> 
     </span>
     <span class='ocr_line' id='line_1_10' title="bbox 242 1293 625 1368; baseline -0.005 -5"><span class='ocrx_word' id='word_1_63' title='bbox 242 1293 388 1367; x_wconf 65' lang='lat' dir='ltr'><strong>&#39;scutatis</strong></span> <span class='ocrx_word' id='word_1_64' title='bbox 401 1293 497 1362; x_wconf 87' lang='lat' dir='ltr'><strong>dicta.</strong></span> <span class='ocrx_word' id='word_1_65' title='bbox 624 1363 625 1368; x_wconf 63' lang='grc'>,</span> 
     </span>
     <span class='ocr_line' id='line_1_11' title="bbox 299 1387 1139 1476; baseline 0.006 -19"><span class='ocrx_word' id='word_1_66' title='bbox 299 1389 367 1458; x_wconf 92' lang='lat' dir='ltr'><strong>Sed</strong></span> <span class='ocrx_word' id='word_1_67' title='bbox 375 1387 455 1456; x_wconf 90' lang='lat' dir='ltr'><strong>illud</strong></span> <span class='ocrx_word' id='word_1_68' title='bbox 467 1387 591 1458; x_wconf 86' lang='lat' dir='ltr'><strong>minuit.</strong></span> <span class='ocrx_word' id='word_1_69' title='bbox 1136 1467 1139 1476; x_wconf 56' lang='grc'><strong>,</strong></span> 
     </span>
     <span class='ocr_line' id='line_1_12' title="bbox 259 1483 1282 1578; baseline 0.004 -26"><span class='ocrx_word' id='word_1_70' title='bbox 259 1486 262 1495; x_wconf 71' lang='grc'><strong>’</strong></span> <span class='ocrx_word' id='word_1_71' title='bbox 297 1483 383 1552; x_wconf 79' lang='lat' dir='ltr'><strong>Hinc</strong></span> <span class='ocrx_word' id='word_1_72' title='bbox 394 1483 449 1576; x_wconf 89' lang='lat' dir='ltr'><strong>qui</strong></span> <span class='ocrx_word' id='word_1_73' title='bbox 463 1484 584 1575; x_wconf 80' lang='lat' dir='ltr'><strong>cogitur</strong></span> <span class='ocrx_word' id='word_1_74' title='bbox 597 1485 639 1552; x_wconf 89' lang='lat' dir='ltr'><strong>ad</strong></span> <span class='ocrx_word' id='word_1_75' title='bbox 664 1484 784 1578; x_wconf 88' lang='lat' dir='ltr'><strong>aliquid</strong></span> <span class='ocrx_word' id='word_1_76' title='bbox 799 1485 962 1556; x_wconf 75' lang='lat' dir='ltr'><strong>intrinsece</strong></span> <span class='ocrx_word' id='word_1_77' title='bbox 976 1484 1112 1571; x_wconf 75' lang='lat' dir='ltr'><strong>maliem,</strong></span> <span class='ocrx_word' id='word_1_78' title='bbox 1131 1511 1185 1556; x_wconf 89' lang='lat' dir='ltr'><strong>seu</strong></span> <span class='ocrx_word' id='word_1_79' title='bbox 1196 1487 1282 1578; x_wconf 89' lang='lat' dir='ltr'><strong>quod</strong></span> 
     </span>
     <span class='ocr_line' id='line_1_13' title="bbox 162 1577 1282 1671; baseline 0.002 -25"><span class='ocrx_word' id='word_1_80' title='bbox 162 1591 165 1596; x_wconf 83' lang='lat'>&#39;</span> <span class='ocrx_word' id='word_1_81' title='bbox 257 1578 319 1646; x_wconf 86' lang='lat' dir='ltr'><strong>tale</strong></span> <span class='ocrx_word' id='word_1_82' title='bbox 332 1594 378 1646; x_wconf 88' lang='lat' dir='ltr'><strong>est</strong></span> <span class='ocrx_word' id='word_1_83' title='bbox 391 1578 425 1645; x_wconf 86' lang='lat' dir='ltr'><strong>in</strong></span> <span class='ocrx_word' id='word_1_84' title='bbox 444 1579 587 1647; x_wconf 90' lang='lat' dir='ltr'><strong>omnibus</strong></span> <span class='ocrx_word' id='word_1_85' title='bbox 610 1577 867 1662; x_wconf 77' lang='lat' dir='ltr'><strong>circumstantiis,</strong></span> <span class='ocrx_word' id='word_1_86' title='bbox 888 1595 922 1647; x_wconf 89' lang='lat' dir='ltr'><strong>ut</strong></span> <span class='ocrx_word' id='word_1_87' title='bbox 945 1581 986 1647; x_wconf 92' lang='lat' dir='ltr'><strong>ad</strong></span> <span class='ocrx_word' id='word_1_88' title='bbox 1000 1579 1072 1660; x_wconf 88' lang='lat' dir='ltr'><strong>thus</strong></span> <span class='ocrx_word' id='word_1_89' title='bbox 1095 1579 1282 1671; x_wconf 85' lang='lat' dir='ltr'><strong>adolendum</strong></span> 
     </span>
     <span class='ocr_line' id='line_1_14' title="bbox 206 1665 1282 1766; baseline 0.003 -26"><span class='ocrx_word' id='word_1_90' title='bbox 206 1753 210 1760; x_wconf 15' lang='grc' dir='ltr'>ι</span> <span class='ocrx_word' id='word_1_91' title='bbox 250 1671 335 1742; x_wconf 79' lang='lat' dir='ltr'><strong>[also</strong></span> <span class='ocrx_word' id='word_1_92' title='bbox 346 1671 429 1754; x_wconf 87' lang='lat' dir='ltr'><strong>Deo,</strong></span> <span class='ocrx_word' id='word_1_93' title='bbox 443 1687 564 1741; x_wconf 90' lang='lat' dir='ltr'><strong>tenetur</strong></span> <span class='ocrx_word' id='word_1_94' title='bbox 582 1697 645 1740; x_wconf 91' lang='lat' dir='ltr'><strong>non</strong></span> <span class='ocrx_word' id='word_1_95' title='bbox 657 1665 758 1740; x_wconf 78' lang='lat' dir='ltr'><strong>solima</strong></span> <span class='ocrx_word' id='word_1_96' title='bbox 768 1673 899 1755; x_wconf 72' lang='lat' dir='ltr'><strong>intern‘e,</strong></span> <span class='ocrx_word' id='word_1_97' title='bbox 914 1675 1015 1741; x_wconf 89' lang='lat' dir='ltr'><strong>sedet</strong></span> <span class='ocrx_word' id='word_1_98' title='bbox 1029 1678 1171 1758; x_wconf 74' lang='lat' dir='ltr'><strong>externe,</strong></span> <span class='ocrx_word' id='word_1_99' title='bbox 1187 1699 1282 1766; x_wconf 87' lang='lat' dir='ltr'><strong>quan-</strong></span> 
     </span>
     <span class='ocr_line' id='line_1_15' title="bbox 244 1767 1300 1862; baseline 0.007 -28"><span class='ocrx_word' id='word_1_100' title='bbox 244 1773 324 1852; x_wconf 68' lang='lat' dir='ltr'><strong>jtrim</strong></span> <span class='ocrx_word' id='word_1_101' title='bbox 335 1767 494 1836; x_wconf 86' lang='lat' dir='ltr'><strong>moraliter</strong></span> <span class='ocrx_word' id='word_1_102' title='bbox 517 1783 634 1862; x_wconf 85' lang='lat' dir='ltr'><strong>potest,</strong></span> <span class='ocrx_word' id='word_1_103' title='bbox 660 1767 821 1850; x_wconf 81' lang='lat' dir='ltr'><strong>resistere,</strong></span> <span class='ocrx_word' id='word_1_104' title='bbox 833 1767 956 1836; x_wconf 87' lang='lat' dir='ltr'><strong>etiamsi</strong></span> <span class='ocrx_word' id='word_1_105' title='bbox 975 1791 1045 1862; x_wconf 86' lang='lat' dir='ltr'><strong>spes</strong></span> <span class='ocrx_word' id='word_1_106' title='bbox 1062 1768 1143 1838; x_wconf 87' lang='lat' dir='ltr'><strong>absit</strong></span> <span class='ocrx_word' id='word_1_107' title='bbox 1162 1770 1300 1845; x_wconf 79' lang='lat' dir='ltr'><strong>matun</strong></span> 
     </span>
     <span class='ocr_line' id='line_1_16' title="bbox 246 1860 1123 1960; baseline -0.002 -30"><span class='ocrx_word' id='word_1_108' title='bbox 246 1863 404 1933; x_wconf 84' lang='lat' dir='ltr'><strong>effectum</strong></span> <span class='ocrx_word' id='word_1_109' title='bbox 416 1860 606 1960; x_wconf 86' lang='lat' dir='ltr'><strong>impediendi</strong></span> <span class='ocrx_word' id='word_1_110' title='bbox 616 1861 680 1947; x_wconf 86' lang='lat' dir='ltr'><strong>(a).</strong></span> <span class='ocrx_word' id='word_1_111' title='bbox 1120 1869 1123 1875; x_wconf 88' lang='lat'>&#39;</span> 
     </span>
    </p>
   </div>
   <div class='ocr_carea' id='block_1_4' title="bbox 200 2039 1280 3678">
    <p class='ocr_par' dir='ltr' id='par_1_5' title="bbox 200 2039 1280 3678">
     <span class='ocr_line' id='line_1_17' title="bbox 251 2039 1280 2111; baseline 0 -15"><span class='ocrx_word' id='word_1_112' title='bbox 251 2075 253 2079; x_wconf 93' lang='lat'>·</span> <span class='ocrx_word' id='word_1_113' title='bbox 286 2044 324 2111; x_wconf 84' lang='lat' dir='ltr'><strong>(a)</strong></span> <span class='ocrx_word' id='word_1_114' title='bbox 334 2042 404 2096; x_wconf 72' lang='lat' dir='ltr'><strong>Unde</strong></span> <span class='ocrx_word' id='word_1_115' title='bbox 415 2044 529 2098; x_wconf 82' lang='lat' dir='ltr'><strong>damnata</strong></span> <span class='ocrx_word' id='word_1_116' title='bbox 537 2044 575 2094; x_wconf 83' lang='lat' dir='ltr'><strong>est</strong></span> <span class='ocrx_word' id='word_1_117' title='bbox 584 2039 676 2094; x_wconf 57' lang='lat' dir='ltr'><strong>t&#39;clero</strong></span> <span class='ocrx_word' id='word_1_118' title='bbox 685 2043 805 2106; x_wconf 67' lang='lat' dir='ltr'><strong>puteano</strong></span> <span class='ocrx_word' id='word_1_119' title='bbox 821 2043 875 2092; x_wconf 83' lang='lat' dir='ltr'><strong>ltaee</strong></span> <span class='ocrx_word' id='word_1_120' title='bbox 889 2043 1022 2105; x_wconf 67' lang='lat' dir='ltr'><strong>propositio</strong></span> <span class='ocrx_word' id='word_1_121' title='bbox 1031 2057 1039 2093; x_wconf 79' lang='lat' dir='ltr'><strong>r</strong></span> <span class='ocrx_word' id='word_1_122' title='bbox 1048 2045 1159 2094; x_wconf 77' lang='lat' dir='ltr'><strong>sueonos</strong></span> <span class='ocrx_word' id='word_1_123' title='bbox 1169 2047 1280 2108; x_wconf 77' lang='lat' dir='ltr'><strong>potuisset</strong></span> 
     </span>
     <span class='ocr_line' id='line_1_18' title="bbox 255 2111 1280 2178; baseline 0 -12"><span class='ocrx_word' id='word_1_124' title='bbox 255 2121 282 2166; x_wconf 78' lang='lat' dir='ltr'><strong>tn</strong></span> <span class='ocrx_word' id='word_1_125' title='bbox 293 2111 591 2178; x_wconf 53' lang='lat' dir='ltr'><strong>testamenmentum</strong></span> <span class='ocrx_word' id='word_1_126' title='bbox 599 2129 624 2167; x_wconf 81' lang='lat' dir='ltr'><strong>se</strong></span> <span class='ocrx_word' id='word_1_127' title='bbox 633 2115 748 2165; x_wconf 69' lang='lat' dir='ltr'><strong>mitre...</strong></span> <span class='ocrx_word' id='word_1_128' title='bbox 758 2115 815 2176; x_wconf 83' lang='lat' dir='ltr'><strong>puio</strong></span> <span class='ocrx_word' id='word_1_129' title='bbox 823 2113 902 2176; x_wconf 61' lang='lat' dir='ltr'><strong>modste</strong></span> <span class='ocrx_word' id='word_1_130' title='bbox 910 2118 944 2164; x_wconf 78' lang='lat' dir='ltr'><strong>eet</strong></span> <span class='ocrx_word' id='word_1_131' title='bbox 952 2113 1039 2162; x_wconf 73' lang='lat' dir='ltr'><strong>toarno</strong></span> <span class='ocrx_word' id='word_1_132' title='bbox 1047 2116 1097 2164; x_wconf 78' lang='lat' dir='ltr'><strong>otto</strong></span> <span class='ocrx_word' id='word_1_133' title='bbox 1104 2117 1126 2164; x_wconf 75' lang='lat' dir='ltr'><strong>et</strong></span> <span class='ocrx_word' id='word_1_134' title='bbox 1134 2113 1280 2176; x_wconf 13' lang='lat' dir='ltr'><strong>semeron·</strong></span> 
     </span>
     <span class='ocr_line' id='line_1_19' title="bbox 306 2187 1090 2233; baseline 0.004 -1"><span class='ocrx_word' id='word_1_135' title='bbox 306 2187 375 2233; x_wconf 70' lang='lat' dir='ltr'><strong>&#39;cilia</strong></span> <span class='ocrx_word' id='word_1_136' title='bbox 1089 2189 1090 2192; x_wconf 73' lang='grc'>’</span> 
     </span>
     <span class='ocr_line' id='line_1_20' title="bbox 253 2188 796 2312; baseline -0.004 -12"><span class='ocrx_word' id='word_1_137' title='bbox 253 2188 394 2300; x_wconf 49' lang='lat' dir='ltr'><strong>pudorem</strong></span> <span class='ocrx_word' id='word_1_138' title='bbox 403 2251 460 2312; x_wconf 73' lang='lat' dir='ltr'><strong>ergo</strong></span> <span class='ocrx_word' id='word_1_139' title='bbox 471 2251 562 2300; x_wconf 88' lang='lat' dir='ltr'><strong>mulier</strong></span> <span class='ocrx_word' id='word_1_140' title='bbox 571 2251 612 2299; x_wconf 85' lang='lat' dir='ltr'><strong>cni</strong></span> <span class='ocrx_word' id='word_1_141' title='bbox 623 2251 663 2300; x_wconf 82' lang='lat' dir='ltr'><strong>ris</strong></span> <span class='ocrx_word' id='word_1_142' title='bbox 672 2247 796 2310; x_wconf 67' lang='lat' dir='ltr'><strong>infertur,</strong></span> 
     </span>
     <span class='ocr_line' id='line_1_21' title="bbox 257 2313 1280 2381; baseline 0.001 -13"><span class='ocrx_word' id='word_1_143' title='bbox 257 2321 357 2370; x_wconf 81' lang='lat' dir='ltr'><strong>laesione</strong></span> <span class='ocrx_word' id='word_1_144' title='bbox 368 2322 531 2380; x_wconf 83' lang='lat' dir='ltr'><strong>oppressoris,</strong></span> <span class='ocrx_word' id='word_1_145' title='bbox 542 2317 614 2367; x_wconf 76' lang='lat' dir='ltr'><strong>modi&gt;</strong></span> <span class='ocrx_word' id='word_1_146' title='bbox 624 2331 673 2365; x_wconf 92' lang='lat' dir='ltr'><strong>non</strong></span> <span class='ocrx_word' id='word_1_147' title='bbox 681 2319 713 2365; x_wconf 78' lang='lat' dir='ltr'><strong>orl</strong></span> <span class='ocrx_word' id='word_1_148' title='bbox 721 2313 840 2378; x_wconf 81' lang='lat' dir='ltr'><strong>mortem,</strong></span> <span class='ocrx_word' id='word_1_149' title='bbox 851 2321 876 2366; x_wconf 90' lang='lat' dir='ltr'><strong>et</strong></span> <span class='ocrx_word' id='word_1_150' title='bbox 886 2319 942 2366; x_wconf 84' lang='lat' dir='ltr'><strong>altis</strong></span> <span class='ocrx_word' id='word_1_151' title='bbox 952 2319 1084 2367; x_wconf 84' lang='lat' dir='ltr'><strong>similibus.</strong></span> <span class='ocrx_word' id='word_1_152' title='bbox 1095 2319 1144 2366; x_wconf 87' lang='lat' dir='ltr'><strong>Sed</strong></span> <span class='ocrx_word' id='word_1_153' title='bbox 1153 2315 1280 2381; x_wconf 66' lang='lat' dir='ltr'><strong>quousque</strong></span> 
     </span>
     <span class='ocr_line' id='line_1_22' title="bbox 253 2386 1279 2450; baseline -0.001 -13"><span class='ocrx_word' id='word_1_154' title='bbox 253 2389 341 2450; x_wconf 87' lang='lat' dir='ltr'><strong>peccet</strong></span> <span class='ocrx_word' id='word_1_155' title='bbox 352 2389 397 2436; x_wconf 86' lang='lat' dir='ltr'><strong>hoc</strong></span> <span class='ocrx_word' id='word_1_156' title='bbox 408 2402 458 2437; x_wconf 93' lang='lat' dir='ltr'><strong>non</strong></span> <span class='ocrx_word' id='word_1_157' title='bbox 466 2387 592 2436; x_wconf 70' lang='lat' dir='ltr'><strong>iaciendo?</strong></span> <span class='ocrx_word' id='word_1_158' title='bbox 607 2386 770 2433; x_wconf 79' lang='lat' dir='ltr'><strong>ludicandum</strong></span> <span class='ocrx_word' id='word_1_159' title='bbox 781 2398 814 2432; x_wconf 82' lang='lat' dir='ltr'><strong>ex</strong></span> <span class='ocrx_word' id='word_1_160' title='bbox 831 2387 1036 2443; x_wconf 84' lang='lat' dir='ltr'><strong>circumstantiis,</strong></span> <span class='ocrx_word' id='word_1_161' title='bbox 1056 2401 1106 2435; x_wconf 89' lang='lat' dir='ltr'><strong>non</strong></span> <span class='ocrx_word' id='word_1_162' title='bbox 1121 2388 1188 2436; x_wconf 88' lang='lat' dir='ltr'><strong>enim</strong></span> <span class='ocrx_word' id='word_1_163' title='bbox 1198 2390 1279 2436; x_wconf 87' lang='lat' dir='ltr'><strong>deter-</strong></span> 
     </span>
     <span class='ocr_line' id='line_1_23' title="bbox 253 2447 1278 2517; baseline -0.001 -12"><span class='ocrx_word' id='word_1_164' title='bbox 253 2456 351 2505; x_wconf 86' lang='lat' dir='ltr'><strong>minant</strong></span> <span class='ocrx_word' id='word_1_165' title='bbox 361 2459 481 2506; x_wconf 83' lang='lat' dir='ltr'><strong>auctores.</strong></span> <span class='ocrx_word' id='word_1_166' title='bbox 492 2457 544 2503; x_wconf 86' lang='lat' dir='ltr'><strong>Non</strong></span> <span class='ocrx_word' id='word_1_167' title='bbox 554 2454 626 2503; x_wconf 87' lang='lat' dir='ltr'><strong>racat</strong></span> <span class='ocrx_word' id='word_1_168' title='bbox 636 2447 650 2501; x_wconf 79' lang='lat' dir='ltr'><strong>t</strong></span> <span class='ocrx_word' id='word_1_169' title='bbox 662 2451 748 2512; x_wconf 77' lang='lat' dir='ltr'><strong>culpi,</strong></span> <span class='ocrx_word' id='word_1_170' title='bbox 760 2453 841 2513; x_wconf 89' lang='lat' dir='ltr'><strong>inquit</strong></span> <span class='ocrx_word' id='word_1_171' title='bbox 851 2454 937 2501; x_wconf 70' lang='lat' dir='ltr'><strong>(tollet.</strong></span> <span class='ocrx_word' id='word_1_172' title='bbox 947 2455 1056 2502; x_wconf 78' lang='lat' dir='ltr'><strong>Tenetur</strong></span> <span class='ocrx_word' id='word_1_173' title='bbox 1066 2457 1181 2506; x_wconf 82' lang='lat' dir='ltr'><strong>resistere</strong></span> <span class='ocrx_word' id='word_1_174' title='bbox 1191 2489 1199 2517; x_wconf 90' lang='lat'><strong>,</strong></span> <span class='ocrx_word' id='word_1_175' title='bbox 1210 2457 1278 2505; x_wconf 84' lang='lat' dir='ltr'><strong>aiunt</strong></span> 
     </span>
     <span class='ocr_line' id='line_1_24' title="bbox 254 2521 1276 2588; baseline 0.001 -16"><span class='ocrx_word' id='word_1_176' title='bbox 254 2525 307 2572; x_wconf 86' lang='lat' dir='ltr'><strong>alii.</strong></span> <span class='ocrx_word' id='word_1_177' title='bbox 319 2521 401 2572; x_wconf 78' lang='lat' dir='ltr'><strong>Credit</strong></span> <span class='ocrx_word' id='word_1_178' title='bbox 411 2525 489 2572; x_wconf 79' lang='lat' dir='ltr'><strong>collet</strong></span> <span class='ocrx_word' id='word_1_179' title='bbox 499 2534 554 2570; x_wconf 87' lang='lat' dir='ltr'><strong>eam</strong></span> <span class='ocrx_word' id='word_1_180' title='bbox 565 2521 702 2568; x_wconf 89' lang='lat' dir='ltr'><strong>consentire</strong></span> <span class='ocrx_word' id='word_1_181' title='bbox 713 2521 818 2580; x_wconf 88' lang='lat' dir='ltr'><strong>censeri,</strong></span> <span class='ocrx_word' id='word_1_182' title='bbox 825 2522 845 2568; x_wconf 89' lang='lat' dir='ltr'><strong>si</strong></span> <span class='ocrx_word' id='word_1_183' title='bbox 856 2521 1003 2588; x_wconf 85' lang='lat' dir='ltr'><strong>simpliciter</strong></span> <span class='ocrx_word' id='word_1_184' title='bbox 1011 2536 1060 2571; x_wconf 90' lang='lat' dir='ltr'><strong>non</strong></span> <span class='ocrx_word' id='word_1_185' title='bbox 1068 2526 1171 2582; x_wconf 84' lang='lat' dir='ltr'><strong>clamet,</strong></span> <span class='ocrx_word' id='word_1_186' title='bbox 1182 2525 1276 2573; x_wconf 84' lang='lat' dir='ltr'><strong>etiamsi</strong></span> 
     </span>
     <span class='ocr_line' id='line_1_25' title="bbox 253 2585 1276 2654; baseline 0 -14"><span class='ocrx_word' id='word_1_187' title='bbox 253 2594 285 2640; x_wconf 90' lang='lat' dir='ltr'><strong>ob</strong></span> <span class='ocrx_word' id='word_1_188' title='bbox 297 2594 439 2651; x_wconf 87' lang='lat' dir='ltr'><strong>clamorem,</strong></span> <span class='ocrx_word' id='word_1_189' title='bbox 449 2590 535 2638; x_wconf 76' lang='lat' dir='ltr'><strong>mortis</strong></span> <span class='ocrx_word' id='word_1_190' title='bbox 546 2589 655 2636; x_wconf 83' lang='lat' dir='ltr'><strong>incurrat</strong></span> <span class='ocrx_word' id='word_1_191' title='bbox 662 2589 810 2648; x_wconf 85' lang='lat' dir='ltr'><strong>perieulum,</strong></span> <span class='ocrx_word' id='word_1_192' title='bbox 821 2585 892 2636; x_wconf 72' lang='lat' dir='ltr'><strong>modi</strong></span> <span class='ocrx_word' id='word_1_193' title='bbox 903 2591 995 2640; x_wconf 87' lang='lat' dir='ltr'><strong>clamor</strong></span> <span class='ocrx_word' id='word_1_194' title='bbox 1003 2593 1117 2642; x_wconf 84' lang='lat' dir='ltr'><strong>credatur</strong></span> <span class='ocrx_word' id='word_1_195' title='bbox 1126 2595 1276 2654; x_wconf 81' lang='lat' dir='ltr'><strong>profuturus.</strong></span> 
     </span>
     <span class='ocr_line' id='line_1_26' title="bbox 253 2653 1279 2722; baseline 0 -12"><span class='ocrx_word' id='word_1_196' title='bbox 253 2662 303 2710; x_wconf 82' lang='lat' dir='ltr'><strong>Sed</strong></span> <span class='ocrx_word' id='word_1_197' title='bbox 312 2663 427 2722; x_wconf 84' lang='lat' dir='ltr'><strong>plerique</strong></span> <span class='ocrx_word' id='word_1_198' title='bbox 437 2657 528 2716; x_wconf 72' lang='lat' dir='ltr'><strong>negant</strong></span> <span class='ocrx_word' id='word_1_199' title='bbox 538 2669 593 2704; x_wconf 82' lang='lat' dir='ltr'><strong>eam</strong></span> <span class='ocrx_word' id='word_1_200' title='bbox 603 2653 684 2705; x_wconf 87' lang='lat' dir='ltr'><strong>teneri</strong></span> <span class='ocrx_word' id='word_1_201' title='bbox 690 2657 811 2716; x_wconf 85' lang='lat' dir='ltr'><strong>clamare,</strong></span> <span class='ocrx_word' id='word_1_202' title='bbox 822 2655 872 2705; x_wconf 83' lang='lat' dir='ltr'><strong>imit</strong></span> <span class='ocrx_word' id='word_1_203' title='bbox 879 2661 1024 2721; x_wconf 67' lang='lat' dir='ltr'><strong>perstrepis,</strong></span> <span class='ocrx_word' id='word_1_204' title='bbox 1036 2663 1098 2722; x_wconf 79' lang='lat' dir='ltr'><strong>etc,</strong></span> <span class='ocrx_word' id='word_1_205' title='bbox 1108 2675 1134 2709; x_wconf 87' lang='lat' dir='ltr'><strong>se</strong></span> <span class='ocrx_word' id='word_1_206' title='bbox 1145 2661 1279 2710; x_wconf 80' lang='lat' dir='ltr'><strong>defendere</strong></span> 
     </span>
     <span class='ocr_line' id='line_1_27' title="bbox 200 2725 1276 2790; baseline 0.001 -13"><span class='ocrx_word' id='word_1_207' title='bbox 200 2743 203 2749; x_wconf 84' lang='grc'>’</span> <span class='ocrx_word' id='word_1_208' title='bbox 252 2730 366 2790; x_wconf 82' lang='lat' dir='ltr'><strong>quemvis</strong></span> <span class='ocrx_word' id='word_1_209' title='bbox 379 2725 521 2783; x_wconf 84' lang='lat' dir='ltr'><strong>clamando,</strong></span> <span class='ocrx_word' id='word_1_210' title='bbox 543 2726 602 2784; x_wconf 67' lang='lat' dir='ltr'><strong>etc„</strong></span> <span class='ocrx_word' id='word_1_211' title='bbox 620 2725 691 2783; x_wconf 76' lang='lat' dir='ltr'><strong>lamae</strong></span> <span class='ocrx_word' id='word_1_212' title='bbox 708 2725 782 2773; x_wconf 89' lang='lat' dir='ltr'><strong>solius</strong></span> <span class='ocrx_word' id='word_1_213' title='bbox 799 2727 939 2786; x_wconf 87' lang='lat' dir='ltr'><strong>periculum</strong></span> <span class='ocrx_word' id='word_1_214' title='bbox 955 2729 1055 2789; x_wconf 86' lang='lat' dir='ltr'><strong>subeat,</strong></span> <span class='ocrx_word' id='word_1_215' title='bbox 1072 2725 1143 2788; x_wconf 76' lang='lat' dir='ltr'><strong>juxti</strong></span> <span class='ocrx_word' id='word_1_216' title='bbox 1158 2731 1276 2790; x_wconf 76' lang='lat' dir='ltr'><strong>Billuert3</strong></span> 
     </span>
     <span class='ocr_line' id='line_1_28' title="bbox 252 2793 1278 2859; baseline 0.002 -13"><span class='ocrx_word' id='word_1_217' title='bbox 252 2794 324 2846; x_wconf 77' lang='lat' dir='ltr'><strong>modo</strong></span> <span class='ocrx_word' id='word_1_218' title='bbox 334 2797 430 2853; x_wconf 85' lang='lat' dir='ltr'><strong>tamen,</strong></span> <span class='ocrx_word' id='word_1_219' title='bbox 440 2793 506 2854; x_wconf 89' lang='lat' dir='ltr'><strong>quod</strong></span> <span class='ocrx_word' id='word_1_220' title='bbox 515 2793 682 2852; x_wconf 86' lang='lat' dir='ltr'><strong>rarum,absit</strong></span> <span class='ocrx_word' id='word_1_221' title='bbox 692 2795 977 2853; x_wconf 85' lang='lat' dir='ltr'><strong>periculumcortsensds.</strong></span> <span class='ocrx_word' id='word_1_222' title='bbox 988 2801 1059 2847; x_wconf 82' lang='lat' dir='ltr'><strong>Ratio</strong></span> <span class='ocrx_word' id='word_1_223' title='bbox 1070 2811 1155 2846; x_wconf 83' lang='lat' dir='ltr'><strong>eorum</strong></span> <span class='ocrx_word' id='word_1_224' title='bbox 1163 2799 1203 2846; x_wconf 83' lang='lat' dir='ltr'><strong>est</strong></span> <span class='ocrx_word' id='word_1_225' title='bbox 1212 2797 1278 2859; x_wconf 75' lang='lat' dir='ltr'><strong>quod</strong></span> 
     </span>
     <span class='ocr_line' id='line_1_29' title="bbox 251 2861 1276 2926; baseline 0.005 -15"><span class='ocrx_word' id='word_1_226' title='bbox 251 2864 402 2926; x_wconf 81' lang='lat' dir='ltr'><strong>praeceptun</strong></span> <span class='ocrx_word' id='word_1_227' title='bbox 413 2873 440 2908; x_wconf 89' lang='lat' dir='ltr'><strong>se</strong></span> <span class='ocrx_word' id='word_1_228' title='bbox 450 2861 598 2908; x_wconf 78' lang='lat' dir='ltr'><strong>defendendi</strong></span> <span class='ocrx_word' id='word_1_229' title='bbox 609 2861 642 2908; x_wconf 84' lang='lat' dir='ltr'><strong>sit</strong></span> <span class='ocrx_word' id='word_1_230' title='bbox 651 2861 834 2923; x_wconf 73' lang='lat' dir='ltr'><strong>affirmativum,</strong></span> <span class='ocrx_word' id='word_1_231' title='bbox 841 2863 1096 2926; x_wconf 80' lang='lat' dir='ltr'><strong>etquodpraeceptum</strong></span> <span class='ocrx_word' id='word_1_232' title='bbox 1103 2867 1276 2916; x_wconf 78' lang='lat' dir='ltr'><strong>sisinnatirutn</strong></span> 
     </span>
     <span class='ocr_line' id='line_1_30' title="bbox 252 2928 1276 2998; baseline 0.005 -17"><span class='ocrx_word' id='word_1_233' title='bbox 252 2945 302 2981; x_wconf 91' lang='lat' dir='ltr'><strong>non</strong></span> <span class='ocrx_word' id='word_1_234' title='bbox 312 2928 404 2988; x_wconf 72' lang='lat' dir='ltr'><strong>obliget</strong></span> <span class='ocrx_word' id='word_1_235' title='bbox 413 2942 471 2976; x_wconf 87' lang='lat' dir='ltr'><strong>cum</strong></span> <span class='ocrx_word' id='word_1_236' title='bbox 480 2930 548 2978; x_wconf 86' lang='lat' dir='ltr'><strong>tanto</strong></span> <span class='ocrx_word' id='word_1_237' title='bbox 554 2929 691 2989; x_wconf 80' lang='lat' dir='ltr'><strong>dispendio.</strong></span> <span class='ocrx_word' id='word_1_238' title='bbox 699 2931 855 2980; x_wconf 87' lang='lat' dir='ltr'><strong>Nontenetur</strong></span> <span class='ocrx_word' id='word_1_239' title='bbox 865 2930 969 2992; x_wconf 74' lang='lat' dir='ltr'><strong>positive</strong></span> <span class='ocrx_word' id='word_1_240' title='bbox 980 2937 1093 2983; x_wconf 86' lang='lat' dir='ltr'><strong>resistere</strong></span> <span class='ocrx_word' id='word_1_241' title='bbox 1102 2949 1158 2984; x_wconf 84' lang='lat' dir='ltr'><strong>curn</strong></span> <span class='ocrx_word' id='word_1_242' title='bbox 1165 2938 1276 2998; x_wconf 88' lang='lat' dir='ltr'><strong>periculo</strong></span> 
     </span>
     <span class='ocr_line' id='line_1_31' title="bbox 251 2993 1277 3062; baseline 0.006 -14"><span class='ocrx_word' id='word_1_243' title='bbox 251 3000 351 3058; x_wconf 84' lang='lat' dir='ltr'><strong>mortis,</strong></span> <span class='ocrx_word' id='word_1_244' title='bbox 362 2998 444 3057; x_wconf 88' lang='lat' dir='ltr'><strong>inquit</strong></span> <span class='ocrx_word' id='word_1_245' title='bbox 453 3000 481 3044; x_wconf 88' lang='lat' dir='ltr'><strong>P.</strong></span> <span class='ocrx_word' id='word_1_246' title='bbox 500 2998 557 3044; x_wconf 83' lang='lat' dir='ltr'><strong>Ant.</strong></span> <span class='ocrx_word' id='word_1_247' title='bbox 568 2993 723 3046; x_wconf 70' lang='lat' dir='ltr'><strong>ternosue</strong></span> <span class='ocrx_word' id='word_1_248' title='bbox 735 3001 795 3060; x_wconf 85' lang='lat' dir='ltr'><strong>quid</strong></span> <span class='ocrx_word' id='word_1_249' title='bbox 810 3003 975 3062; x_wconf 81' lang='lat' dir='ltr'><strong>probabilius,</strong></span> <span class='ocrx_word' id='word_1_250' title='bbox 986 3003 1057 3052; x_wconf 74' lang='lat' dir='ltr'><strong>modo</strong></span> <span class='ocrx_word' id='word_1_251' title='bbox 1070 3003 1167 3054; x_wconf 78' lang='lat' dir='ltr'><strong>interut</strong></span> <span class='ocrx_word' id='word_1_252' title='bbox 1178 3019 1277 3054; x_wconf 86' lang='lat' dir='ltr'><strong>omnem</strong></span> 
     </span>
     <span class='ocr_line' id='line_1_32' title="bbox 251 3065 673 3117; baseline -0.005 0"><span class='ocrx_word' id='word_1_253' title='bbox 251 3067 389 3117; x_wconf 76' lang='lat' dir='ltr'><strong>detestetur</strong></span> <span class='ocrx_word' id='word_1_254' title='bbox 398 3065 538 3115; x_wconf 83' lang='lat' dir='ltr'><strong>libidinem.</strong></span> <span class='ocrx_word' id='word_1_255' title='bbox 671 3071 673 3080; x_wconf 84' lang='grc'><strong>“</strong></span> 
     </span>
     <span class='ocr_line' id='line_1_33' title="bbox 282 3129 1275 3200; baseline 0.009 -19"><span class='ocrx_word' id='word_1_256' title='bbox 282 3135 340 3182; x_wconf 79' lang='lat' dir='ltr'><strong>Erec</strong></span> <span class='ocrx_word' id='word_1_257' title='bbox 350 3135 451 3195; x_wconf 83' lang='lat' dir='ltr'><strong>quidem</strong></span> <span class='ocrx_word' id='word_1_258' title='bbox 465 3129 617 3196; x_wconf 70' lang='lat' dir='ltr'><strong>speculativi</strong></span> <span class='ocrx_word' id='word_1_259' title='bbox 633 3147 682 3184; x_wconf 90' lang='lat' dir='ltr'><strong>non</strong></span> <span class='ocrx_word' id='word_1_260' title='bbox 697 3135 869 3198; x_wconf 85' lang='lat' dir='ltr'><strong>displicerent=</strong></span> <span class='ocrx_word' id='word_1_261' title='bbox 883 3139 926 3187; x_wconf 88' lang='lat' dir='ltr'><strong>sed</strong></span> <span class='ocrx_word' id='word_1_262' title='bbox 940 3139 967 3186; x_wconf 88' lang='lat' dir='ltr'><strong>in</strong></span> <span class='ocrx_word' id='word_1_263' title='bbox 981 3140 1053 3200; x_wconf 85' lang='lat' dir='ltr'><strong>praxi</strong></span> <span class='ocrx_word' id='word_1_264' title='bbox 1069 3134 1275 3190; x_wconf 67' lang='lat' dir='ltr'><strong>sententias&#39;cleri</strong></span> 
     </span>
     <span class='ocr_line' id='line_1_34' title="bbox 226 3203 1275 3266; baseline 0.008 -16"><span class='ocrx_word' id='word_1_265' title='bbox 226 3211 228 3214; x_wconf 85' lang='grc'><em>·</em></span> <span class='ocrx_word' id='word_1_266' title='bbox 251 3203 468 3264; x_wconf 78' lang='lat' dir='ltr'><strong>gallicani,saltem</strong></span> <span class='ocrx_word' id='word_1_267' title='bbox 477 3203 506 3251; x_wconf 84' lang='lat' dir='ltr'><strong>ut</strong></span> <span class='ocrx_word' id='word_1_268' title='bbox 515 3203 601 3253; x_wconf 88' lang='lat' dir='ltr'><strong>tutiori</strong></span> <span class='ocrx_word' id='word_1_269' title='bbox 612 3205 771 3266; x_wconf 72' lang='lat' dir='ltr'><strong>adhererem,</strong></span> <span class='ocrx_word' id='word_1_270' title='bbox 777 3207 880 3254; x_wconf 87' lang='lat' dir='ltr'><strong>mortale</strong></span> <span class='ocrx_word' id='word_1_271' title='bbox 891 3207 931 3254; x_wconf 84' lang='lat' dir='ltr'><strong>vel</strong></span> <span class='ocrx_word' id='word_1_272' title='bbox 942 3207 1039 3254; x_wconf 86' lang='lat' dir='ltr'><strong>veniale</strong></span> <span class='ocrx_word' id='word_1_273' title='bbox 1045 3206 1230 3255; x_wconf 86' lang='lat' dir='ltr'><strong>determinando</strong></span> <span class='ocrx_word' id='word_1_274' title='bbox 1241 3221 1275 3258; x_wconf 86' lang='lat' dir='ltr'><strong>ex</strong></span> 
     </span>
     <span class='ocr_line' id='line_1_35' title="bbox 252 3273 1275 3333; baseline 0.007 -13"><span class='ocrx_word' id='word_1_275' title='bbox 252 3273 456 3333; x_wconf 72' lang='lat' dir='ltr'><strong>circumstantiis3</strong></span> <span class='ocrx_word' id='word_1_276' title='bbox 476 3285 508 3320; x_wconf 83' lang='lat' dir='ltr'><strong>ex</strong></span> <span class='ocrx_word' id='word_1_277' title='bbox 521 3273 621 3322; x_wconf 86' lang='lat' dir='ltr'><strong>delectu</strong></span> <span class='ocrx_word' id='word_1_278' title='bbox 634 3275 782 3333; x_wconf 81' lang='lat' dir='ltr'><strong>majorisvel</strong></span> <span class='ocrx_word' id='word_1_279' title='bbox 792 3275 894 3322; x_wconf 86' lang='lat' dir='ltr'><strong>minorls</strong></span> <span class='ocrx_word' id='word_1_280' title='bbox 904 3273 1061 3332; x_wconf 76' lang='lat' dir='ltr'><strong>resistentia,</strong></span> <span class='ocrx_word' id='word_1_281' title='bbox 1071 3274 1171 3332; x_wconf 77' lang='lat' dir='ltr'><strong>maioris</strong></span> <span class='ocrx_word' id='word_1_282' title='bbox 1179 3277 1219 3324; x_wconf 80' lang='lat' dir='ltr'><strong>vel</strong></span> <span class='ocrx_word' id='word_1_283' title='bbox 1228 3279 1275 3327; x_wconf 86' lang='lat' dir='ltr'><strong>nti-</strong></span> 
     </span>
     <span class='ocr_line' id='line_1_36' title="bbox 251 3337 1276 3405; baseline 0.008 -17"><span class='ocrx_word' id='word_1_284' title='bbox 251 3341 429 3405; x_wconf 84' lang='lat' dir='ltr'><strong>norispericuli</strong></span> <span class='ocrx_word' id='word_1_285' title='bbox 438 3340 568 3390; x_wconf 75' lang='lat' dir='ltr'><strong>consensus</strong></span> <span class='ocrx_word' id='word_1_286' title='bbox 578 3343 683 3404; x_wconf 84' lang='lat' dir='ltr'><strong>interni;</strong></span> <span class='ocrx_word' id='word_1_287' title='bbox 694 3341 868 3402; x_wconf 79' lang='lat' dir='ltr'><strong>notandoquod</strong></span> <span class='ocrx_word' id='word_1_288' title='bbox 876 3337 1008 3402; x_wconf 71' lang='lat' dir='ltr'><strong>saepissime</strong></span> <span class='ocrx_word' id='word_1_289' title='bbox 1016 3343 1276 3403; x_wconf 75' lang='lat' dir='ltr'><strong>peccatiqualillcatio</strong></span> 
     </span>
     <span class='ocr_line' id='line_1_37' title="bbox 251 3405 1273 3476; baseline 0.008 -20"><span class='ocrx_word' id='word_1_290' title='bbox 251 3410 410 3469; x_wconf 88' lang='lat' dir='ltr'><strong>impossibilis</strong></span> <span class='ocrx_word' id='word_1_291' title='bbox 417 3411 649 3472; x_wconf 86' lang='lat' dir='ltr'><strong>sit,nisirimpassae</strong></span> <span class='ocrx_word' id='word_1_292' title='bbox 657 3412 757 3460; x_wconf 87' lang='lat' dir='ltr'><strong>tandem</strong></span> <span class='ocrx_word' id='word_1_293' title='bbox 766 3407 829 3458; x_wconf 85' lang='lat' dir='ltr'><strong>heri!</strong></span> <span class='ocrx_word' id='word_1_294' title='bbox 840 3405 938 3457; x_wconf 78' lang='lat' dir='ltr'><strong>facilius</strong></span> <span class='ocrx_word' id='word_1_295' title='bbox 945 3409 1063 3458; x_wconf 85' lang='lat' dir='ltr'><strong>tentatori</strong></span> <span class='ocrx_word' id='word_1_296' title='bbox 1073 3411 1273 3476; x_wconf 77' lang='lat' dir='ltr'><strong>cesserint‚quod</strong></span> 
     </span>
     <span class='ocr_line' id='line_1_38' title="bbox 251 3475 1276 3540; baseline 0.006 -15"><span class='ocrx_word' id='word_1_297' title='bbox 251 3491 300 3525; x_wconf 89' lang='lat' dir='ltr'><strong>non</strong></span> <span class='ocrx_word' id='word_1_298' title='bbox 318 3475 373 3526; x_wconf 77' lang='lat' dir='ltr'><strong>raro</strong></span> <span class='ocrx_word' id='word_1_299' title='bbox 383 3479 505 3540; x_wconf 84' lang='lat' dir='ltr'><strong>latentur,</strong></span> <span class='ocrx_word' id='word_1_300' title='bbox 523 3480 633 3528; x_wconf 86' lang='lat' dir='ltr'><strong>addendo</strong></span> <span class='ocrx_word' id='word_1_301' title='bbox 646 3481 728 3528; x_wconf 82' lang='lat' dir='ltr'><strong>temen</strong></span> <span class='ocrx_word' id='word_1_302' title='bbox 739 3475 802 3539; x_wconf 74' lang='lat' dir='ltr'><strong>saepe</strong></span> <span class='ocrx_word' id='word_1_303' title='bbox 817 3475 902 3538; x_wconf 83' lang='lat' dir='ltr'><strong>quod(</strong></span> <span class='ocrx_word' id='word_1_304' title='bbox 913 3479 965 3526; x_wconf 86' lang='lat' dir='ltr'><strong>sive</strong></span> <span class='ocrx_word' id='word_1_305' title='bbox 982 3479 1013 3526; x_wconf 88' lang='lat' dir='ltr'><strong>ob</strong></span> <span class='ocrx_word' id='word_1_306' title='bbox 1024 3479 1167 3540; x_wconf 89' lang='lat' dir='ltr'><strong>horrorem,</strong></span> <span class='ocrx_word' id='word_1_307' title='bbox 1178 3483 1231 3531; x_wconf 84' lang='lat' dir='ltr'><strong>sire</strong></span> <span class='ocrx_word' id='word_1_308' title='bbox 1241 3485 1276 3531; x_wconf 76' lang='lat' dir='ltr'><strong>olr</strong></span> 
     </span>
     <span class='ocr_line' id='line_1_39' title="bbox 251 3544 1273 3610; baseline 0.004 -16"><span class='ocrx_word' id='word_1_309' title='bbox 251 3547 365 3596; x_wconf 85' lang='lat' dir='ltr'><strong>timorem</strong></span> <span class='ocrx_word' id='word_1_310' title='bbox 375 3546 501 3610; x_wconf 89' lang='lat' dir='ltr'><strong>peccati),</strong></span> <span class='ocrx_word' id='word_1_311' title='bbox 519 3544 613 3596; x_wconf 77' lang='lat' dir='ltr'><strong>nnllam</strong></span> <span class='ocrx_word' id='word_1_312' title='bbox 628 3547 777 3607; x_wconf 84' lang='lat' dir='ltr'><strong>voluptatem</strong></span> <span class='ocrx_word' id='word_1_313' title='bbox 793 3547 900 3605; x_wconf 83' lang='lat' dir='ltr'><strong>expertae</strong></span> <span class='ocrx_word' id='word_1_314' title='bbox 918 3547 976 3597; x_wconf 89' lang='lat' dir='ltr'><strong>slnt.</strong></span> <span class='ocrx_word' id='word_1_315' title='bbox 988 3547 1097 3597; x_wconf 83' lang='lat' dir='ltr'><strong>lniamiae</strong></span> <span class='ocrx_word' id='word_1_316' title='bbox 1115 3551 1141 3598; x_wconf 84' lang='lat' dir='ltr'><strong>et</strong></span> <span class='ocrx_word' id='word_1_317' title='bbox 1151 3544 1166 3598; x_wconf 72' lang='lat' dir='ltr'><strong>l</strong></span> <span class='ocrx_word' id='word_1_318' title='bbox 1178 3551 1273 3600; x_wconf 82' lang='lat' dir='ltr'><strong>fortiori</strong></span> 
     </span>
     <span class='ocr_line' id='line_1_40' title="bbox 201 3609 1168 3678; baseline 0.003 -17"><span class='ocrx_word' id='word_1_319' title='bbox 201 3649 203 3656; x_wconf 92' lang='lat'><em>.</em></span> <span class='ocrx_word' id='word_1_320' title='bbox 252 3616 336 3664; x_wconf 79' lang='lat' dir='ltr'><strong>utortis</strong></span> <span class='ocrx_word' id='word_1_321' title='bbox 355 3617 494 3677; x_wconf 85' lang='lat' dir='ltr'><strong>periculum</strong></span> <span class='ocrx_word' id='word_1_322' title='bbox 503 3615 610 3666; x_wconf 83' lang='lat' dir='ltr'><strong>subeunt</strong></span> <span class='ocrx_word' id='word_1_323' title='bbox 618 3609 742 3664; x_wconf 72' lang='lat' dir='ltr'><strong>rarissimi</strong></span> <span class='ocrx_word' id='word_1_324' title='bbox 753 3612 893 3672; x_wconf 76' lang='lat' dir='ltr'><strong>sternendo,</strong></span> <span class='ocrx_word' id='word_1_325' title='bbox 903 3626 930 3664; x_wconf 85' lang='lat' dir='ltr'><strong>se</strong></span> <span class='ocrx_word' id='word_1_326' title='bbox 941 3614 1107 3678; x_wconf 80' lang='lat' dir='ltr'><strong>defendendo,</strong></span> <span class='ocrx_word' id='word_1_327' title='bbox 1120 3618 1168 3666; x_wconf 88' lang='lat' dir='ltr'><strong>etc.</strong></span> 
     </span>
    </p>
   </div>
   <div class='ocr_carea' id='block_1_5' title="bbox 802 2233 1314 2318">
    <p class='ocr_par' dir='ltr' id='par_1_6' title="bbox 802 2221 1314 2318">
     <span class='ocr_line' id='line_1_41' title="bbox 802 2233 1314 2318; baseline 0.004 -20"><span class='ocrx_word' id='word_1_328' title='bbox 802 2249 1279 2318; x_wconf 62' lang='lat' dir='ltr'><strong>resistereclamoribuspugnisalapis,</strong></span> <span class='ocrx_word' id='word_1_329' title='bbox 1311 2233 1314 2243; x_wconf 35' lang='lat'><strong>¹</strong></span> 
     </span>
    </p>
   </div>
   <div class='ocr_carea' id='block_1_6' title="bbox 0 0 1500 4672">
    <p class='ocr_par' dir='ltr' id='par_1_7' title="bbox 0 0 1500 4672">
     <span class='ocr_line' id='line_1_42' title="bbox 0 0 1500 4672; baseline 0 3"><span class='ocrx_word' id='word_1_330' title='bbox 0 0 1500 4672; x_wconf 95' lang='lat' dir='ltr'><strong> </strong></span> 
     </span>
    </p>
   </div>
  </div>
 </body>
</html>
