<?xml version="1.0" encoding="UTF-8"?>
<!DOCTYPE html PUBLIC "-//W3C//DTD XHTML 1.0 Transitional//EN"
    "http://www.w3.org/TR/xhtml1/DTD/xhtml1-transitional.dtd">
<html xmlns="http://www.w3.org/1999/xhtml" xml:lang="en" lang="en">
 <head>
  <title>
</title>
<meta http-equiv="Content-Type" content="text/html;charset=utf-8" />
  <meta name='ocr-system' content='tesseract 3.04.00' />
  <meta name='ocr-capabilities' content='ocr_page ocr_carea ocr_par ocr_line ocrx_word'/>
</head>
<body>
  <div class='ocr_page' id='page_1' title='image "./theologiapracti00verngoog_0402.png"; bbox 0 0 2932 4658; ppageno 0'>
   <div class='ocr_carea' id='block_1_1' title="bbox 546 317 1179 396">
    <p class='ocr_par' dir='ltr' id='par_1_1' title="bbox 546 317 1179 396">
     <span class='ocr_line' id='line_1_1' title="bbox 546 317 1179 396; baseline -0.002 -2"><span class='ocrx_word' id='word_1_1' title='bbox 546 337 779 396; x_wconf 74' lang='lat' dir='ltr'><strong>nueauoer.</strong></span> <span class='ocrx_word' id='word_1_2' title='bbox 1108 317 1179 394; x_wconf 85' lang='grc'><strong>383</strong></span> 
     </span>
    </p>
   </div>
   <div class='ocr_carea' id='block_1_2' title="bbox 154 413 1221 1044">
    <p class='ocr_par' dir='ltr' id='par_1_2' title="bbox 186 413 1009 488">
     <span class='ocr_line' id='line_1_2' title="bbox 186 413 1009 488; baseline 0 -12"><span class='ocrx_word' id='word_1_3' title='bbox 186 426 375 478; x_wconf 78' lang='lat' dir='ltr'><strong>Distinetionenr</strong></span> <span class='ocrx_word' id='word_1_4' title='bbox 389 427 494 478; x_wconf 88' lang='lat' dir='ltr'><strong>Billuart</strong></span> <span class='ocrx_word' id='word_1_5' title='bbox 503 441 552 480; x_wconf 90' lang='lat' dir='ltr'><strong>non</strong></span> <span class='ocrx_word' id='word_1_6' title='bbox 562 429 721 478; x_wconf 77' lang='lat' dir='ltr'><strong>admitterent</strong></span> <span class='ocrx_word' id='word_1_7' title='bbox 730 425 891 488; x_wconf 70' lang='lat' dir='ltr'><strong>probabiliter</strong></span> <span class='ocrx_word' id='word_1_8' title='bbox 899 413 1009 486; x_wconf 70' lang='lat' dir='ltr'><strong>emota:</strong></span> 
     </span>
    </p>

    <p class='ocr_par' dir='ltr' id='par_1_3' title="bbox 155 492 1182 626">
     <span class='ocr_line' id='line_1_3' title="bbox 187 492 1182 560; baseline 0.002 -14"><span class='ocrx_word' id='word_1_9' title='bbox 187 495 222 560; x_wconf 84' lang='lat' dir='ltr'><strong>(d)</strong></span> <span class='ocrx_word' id='word_1_10' title='bbox 234 495 285 546; x_wconf 83' lang='grc' dir='ltr'><strong>1ιιιὸ</strong></span> <span class='ocrx_word' id='word_1_11' title='bbox 296 492 422 558; x_wconf 78' lang='lat' dir='ltr'><strong>nunqnlm</strong></span> <span class='ocrx_word' id='word_1_12' title='bbox 440 498 588 559; x_wconf 68' lang='lat' dir='ltr'><strong>praescribit.</strong></span> <span class='ocrx_word' id='word_1_13' title='bbox 599 501 629 546; x_wconf 86' lang='lat' dir='ltr'><strong>P.</strong></span> <span class='ocrx_word' id='word_1_14' title='bbox 639 497 701 546; x_wconf 86' lang='lat' dir='ltr'><strong>Gob.</strong></span> <span class='ocrx_word' id='word_1_15' title='bbox 718 498 787 556; x_wconf 76' lang='lat' dir='ltr'><strong>Aut,</strong></span> <span class='ocrx_word' id='word_1_16' title='bbox 800 497 879 547; x_wconf 76' lang='lat' dir='ltr'><strong>Theoi.</strong></span> <span class='ocrx_word' id='word_1_17' title='bbox 894 497 967 556; x_wconf 75' lang='lat' dir='ltr'><strong>Pica,</strong></span> <span class='ocrx_word' id='word_1_18' title='bbox 985 496 1127 548; x_wconf 67' lang='lat' dir='ltr'><strong>Btllttuttet</strong></span> <span class='ocrx_word' id='word_1_19' title='bbox 1137 499 1182 548; x_wconf 84' lang='lat' dir='ltr'><strong>alii</strong></span> 
     </span>
     <span class='ocr_line' id='line_1_4' title="bbox 155 567 759 626; baseline -0.005 -10"><span class='ocrx_word' id='word_1_20' title='bbox 155 568 328 616; x_wconf 84' lang='lat' dir='ltr'><strong>communiter.</strong></span> <span class='ocrx_word' id='word_1_21' title='bbox 340 567 388 614; x_wconf 86' lang='lat' dir='ltr'><strong>Sed</strong></span> <span class='ocrx_word' id='word_1_22' title='bbox 404 568 445 626; x_wconf 85' lang='lat' dir='ltr'><strong>jas</strong></span> <span class='ocrx_word' id='word_1_23' title='bbox 455 568 528 616; x_wconf 80' lang='lat' dir='ltr'><strong>ciuile</strong></span> <span class='ocrx_word' id='word_1_24' title='bbox 539 580 588 616; x_wconf 93' lang='lat' dir='ltr'><strong>non</strong></span> <span class='ocrx_word' id='word_1_25' title='bbox 598 567 643 614; x_wconf 87' lang='lat' dir='ltr'><strong>sie.</strong></span> <span class='ocrx_word' id='word_1_26' title='bbox 747 571 759 600; x_wconf 75' lang='lat' dir='ltr'><em>s</em></span> 
     </span>
    </p>

    <p class='ocr_par' dir='ltr' id='par_1_4' title="bbox 154 631 1181 765">
     <span class='ocr_line' id='line_1_5' title="bbox 188 631 1181 700; baseline 0.001 -16"><span class='ocrx_word' id='word_1_27' title='bbox 188 633 219 699; x_wconf 86' lang='lat' dir='ltr'><strong>(e)</strong></span> <span class='ocrx_word' id='word_1_28' title='bbox 235 637 265 683; x_wconf 83' lang='lat' dir='ltr'><strong>nt</strong></span> <span class='ocrx_word' id='word_1_29' title='bbox 281 635 350 684; x_wconf 88' lang='lat' dir='ltr'><strong>aliud</strong></span> <span class='ocrx_word' id='word_1_30' title='bbox 360 638 397 686; x_wconf 90' lang='lat' dir='ltr'><strong>est</strong></span> <span class='ocrx_word' id='word_1_31' title='bbox 411 637 442 684; x_wconf 90' lang='lat' dir='ltr'><strong>de</strong></span> <span class='ocrx_word' id='word_1_32' title='bbox 461 649 614 698; x_wconf 87' lang='lat' dir='ltr'><strong>quocumque</strong></span> <span class='ocrx_word' id='word_1_33' title='bbox 625 634 668 696; x_wconf 87' lang='lat' dir='ltr'><strong>qui</strong></span> <span class='ocrx_word' id='word_1_34' title='bbox 682 647 737 686; x_wconf 82' lang='lat' dir='ltr'><strong>rem</strong></span> <span class='ocrx_word' id='word_1_35' title='bbox 747 635 844 698; x_wconf 76' lang='lat' dir='ltr'><strong>accepit</strong></span> <span class='ocrx_word' id='word_1_36' title='bbox 857 631 1018 700; x_wconf 74' lang='lat' dir='ltr'><strong>dposaess&#39;ore</strong></span> <span class='ocrx_word' id='word_1_37' title='bbox 1027 637 1098 687; x_wconf 77' lang='lat' dir='ltr'><strong>malea</strong></span> <span class='ocrx_word' id='word_1_38' title='bbox 1108 637 1181 700; x_wconf 82' lang='lat' dir='ltr'><strong>idei,</strong></span> 
     </span>
     <span class='ocr_line' id='line_1_6' title="bbox 154 701 690 765; baseline 0.011 -13"><span class='ocrx_word' id='word_1_39' title='bbox 154 703 205 753; x_wconf 79' lang='lat' dir='ltr'><strong>aiio</strong></span> <span class='ocrx_word' id='word_1_40' title='bbox 214 701 287 765; x_wconf 79' lang='lat' dir='ltr'><strong>qulam</strong></span> <span class='ocrx_word' id='word_1_41' title='bbox 298 707 403 755; x_wconf 77' lang='lat' dir='ltr'><strong>heredis</strong></span> <span class='ocrx_word' id='word_1_42' title='bbox 411 707 557 754; x_wconf 83' lang='lat' dir='ltr'><strong>universalis</strong></span> <span class='ocrx_word' id='word_1_43' title='bbox 566 707 677 753; x_wconf 84' lang='lat' dir='ltr'><strong>nomine·</strong></span> <span class='ocrx_word' id='word_1_44' title='bbox 687 750 690 758; x_wconf 89' lang='lat'>.</span> 
     </span>
    </p>

    <p class='ocr_par' dir='ltr' id='par_1_5' title="bbox 154 771 1221 1044">
     <span class='ocr_line' id='line_1_7' title="bbox 185 771 1182 838; baseline 0.001 -17"><span class='ocrx_word' id='word_1_45' title='bbox 185 776 246 822; x_wconf 86' lang='lat' dir='ltr'><strong>Nota</strong></span> <span class='ocrx_word' id='word_1_46' title='bbox 257 788 264 821; x_wconf 90' lang='grc' dir='ltr'><strong>ι</strong></span> <span class='ocrx_word' id='word_1_47' title='bbox 276 776 304 822; x_wconf 91' lang='lat' dir='ltr'><strong>ln</strong></span> <span class='ocrx_word' id='word_1_48' title='bbox 315 775 427 823; x_wconf 90' lang='lat' dir='ltr'><strong>omuibus</strong></span> <span class='ocrx_word' id='word_1_49' title='bbox 437 775 475 822; x_wconf 83' lang='lat' dir='ltr'><strong>his</strong></span> <span class='ocrx_word' id='word_1_50' title='bbox 486 775 582 822; x_wconf 80' lang='lat' dir='ltr'><strong>casibus</strong></span> <span class='ocrx_word' id='word_1_51' title='bbox 597 787 646 821; x_wconf 87' lang='lat' dir='ltr'><strong>non</strong></span> <span class='ocrx_word' id='word_1_52' title='bbox 657 773 750 822; x_wconf 79' lang='lat' dir='ltr'><strong>sufficit</strong></span> <span class='ocrx_word' id='word_1_53' title='bbox 764 773 794 822; x_wconf 92' lang='lat' dir='ltr'><strong>ad</strong></span> <span class='ocrx_word' id='word_1_54' title='bbox 805 771 981 824; x_wconf 79' lang='lat' dir='ltr'><strong>conscientiam</strong></span> <span class='ocrx_word' id='word_1_55' title='bbox 990 773 1182 838; x_wconf 66' lang='lat' dir='ltr'><strong>perturbandam</strong></span> 
     </span>
     <span class='ocr_line' id='line_1_8' title="bbox 154 843 1182 906; baseline -0.002 -12"><span class='ocrx_word' id='word_1_56' title='bbox 154 845 262 906; x_wconf 80' lang='lat' dir='ltr'><strong>suspicio</strong></span> <span class='ocrx_word' id='word_1_57' title='bbox 272 845 343 893; x_wconf 79' lang='lat' dir='ltr'><strong>malae</strong></span> <span class='ocrx_word' id='word_1_58' title='bbox 353 845 410 893; x_wconf 85' lang='lat' dir='ltr'><strong>fidei</strong></span> <span class='ocrx_word' id='word_1_59' title='bbox 421 846 447 892; x_wconf 89' lang='lat' dir='ltr'><strong>in</strong></span> <span class='ocrx_word' id='word_1_60' title='bbox 458 845 556 892; x_wconf 88' lang='lat' dir='ltr'><strong>auctore</strong></span> <span class='ocrx_word' id='word_1_61' title='bbox 566 843 610 890; x_wconf 89' lang='lat' dir='ltr'><strong>aut</strong></span> <span class='ocrx_word' id='word_1_62' title='bbox 627 844 788 892; x_wconf 74' lang='lat' dir='ltr'><strong>antecedente</strong></span> <span class='ocrx_word' id='word_1_63' title='bbox 802 857 949 905; x_wconf 84' lang='lat' dir='ltr'><strong>possessore.</strong></span> <span class='ocrx_word' id='word_1_64' title='bbox 967 845 1113 906; x_wconf 83' lang='lat' dir='ltr'><strong>Requiritur</strong></span> <span class='ocrx_word' id='word_1_65' title='bbox 1125 856 1182 905; x_wconf 82' lang='lat' dir='ltr'><strong>pcr-</strong></span> 
     </span>
     <span class='ocr_line' id='line_1_9' title="bbox 154 912 1183 975; baseline 0.002 -15"><span class='ocrx_word' id='word_1_66' title='bbox 154 912 220 963; x_wconf 81' lang='lat' dir='ltr'><strong>iecta</strong></span> <span class='ocrx_word' id='word_1_67' title='bbox 238 913 356 974; x_wconf 86' lang='lat' dir='ltr'><strong>scientia,</strong></span> <span class='ocrx_word' id='word_1_68' title='bbox 367 914 448 975; x_wconf 82' lang='lat' dir='ltr'><strong>inquit</strong></span> <span class='ocrx_word' id='word_1_69' title='bbox 458 914 509 960; x_wconf 88' lang='lat' dir='ltr'><strong>coi.</strong></span> <span class='ocrx_word' id='word_1_70' title='bbox 521 912 655 973; x_wconf 75' lang='lat' dir='ltr'><strong>andegav,</strong></span> <span class='ocrx_word' id='word_1_71' title='bbox 667 913 742 960; x_wconf 83' lang='lat' dir='ltr'><strong>eiiam</strong></span> <span class='ocrx_word' id='word_1_72' title='bbox 753 913 876 974; x_wconf 82' lang='lat' dir='ltr'><strong>loquendo</strong></span> <span class='ocrx_word' id='word_1_73' title='bbox 887 913 918 962; x_wconf 84' lang='lat' dir='ltr'><strong>dc</strong></span> <span class='ocrx_word' id='word_1_74' title='bbox 929 913 1028 963; x_wconf 81' lang='lat' dir='ltr'><strong>haerede</strong></span> <span class='ocrx_word' id='word_1_75' title='bbox 1044 913 1117 962; x_wconf 85' lang='lat' dir='ltr'><strong>titulo</strong></span> <span class='ocrx_word' id='word_1_76' title='bbox 1126 912 1183 962; x_wconf 87' lang='lat' dir='ltr'><strong>uni·</strong></span> 
     </span>
     <span class='ocr_line' id='line_1_10' title="bbox 154 979 1221 1044; baseline -0.004 -11"><span class='ocrx_word' id='word_1_77' title='bbox 154 985 261 1044; x_wconf 61' lang='lat' dir='ltr'><strong>tensam</strong></span> <span class='ocrx_word' id='word_1_78' title='bbox 272 979 338 1032; x_wconf 80' lang='lat' dir='ltr'><strong>circd</strong></span> <span class='ocrx_word' id='word_1_79' title='bbox 347 984 413 1044; x_wconf 82' lang='lat' dir='ltr'><strong>quod</strong></span> <span class='ocrx_word' id='word_1_80' title='bbox 422 984 480 1033; x_wconf 83' lang='lat' dir='ltr'><strong>uide</strong></span> <span class='ocrx_word' id='word_1_81' title='bbox 492 995 551 1030; x_wconf 82' lang='lat' dir='ltr'><strong>mox</strong></span> <span class='ocrx_word' id='word_1_82' title='bbox 562 983 678 1043; x_wconf 87' lang='lat' dir='ltr'><strong>dicenda,</strong></span> <span class='ocrx_word' id='word_1_83' title='bbox 689 981 719 1032; x_wconf 80' lang='lat' dir='ltr'><strong>N⁰</strong></span> <span class='ocrx_word' id='word_1_84' title='bbox 727 982 781 1031; x_wconf 82' lang='grc'><strong>106.</strong></span> <span class='ocrx_word' id='word_1_85' title='bbox 1214 1003 1221 1014; x_wconf 88' lang='grc'>-</span> 
     </span>
    </p>
   </div>
   <div class='ocr_carea' id='block_1_3' title="bbox 611 1064 724 1082">
    <p class='ocr_par' dir='ltr' id='par_1_6' title="bbox 611 1064 724 1082">
     <span class='ocr_line' id='line_1_11' title="bbox 611 1064 724 1082; baseline -0.018 -4"><span class='ocrx_word' id='word_1_86' title='bbox 611 1064 724 1082; x_wconf 43' lang='grc' dir='ltr'><strong><em>μ</em></strong></span> 
     </span>
    </p>
   </div>
   <div class='ocr_carea' id='block_1_4' title="bbox 149 1109 1190 1974">
    <p class='ocr_par' dir='ltr' id='par_1_7' title="bbox 194 1109 1117 1206">
     <span class='ocr_line' id='line_1_12' title="bbox 194 1109 1117 1206; baseline 0 -24"><span class='ocrx_word' id='word_1_87' title='bbox 194 1119 230 1182; x_wconf 88' lang='grc'><strong>30</strong></span> <span class='ocrx_word' id='word_1_88' title='bbox 244 1113 340 1182; x_wconf 76' lang='lat' dir='ltr'><strong>Circa</strong></span> <span class='ocrx_word' id='word_1_89' title='bbox 353 1112 468 1180; x_wconf 90' lang='lat' dir='ltr'><strong>bonam</strong></span> <span class='ocrx_word' id='word_1_90' title='bbox 482 1112 577 1180; x_wconf 90' lang='lat' dir='ltr'><strong>fidem</strong></span> <span class='ocrx_word' id='word_1_91' title='bbox 591 1111 633 1180; x_wconf 89' lang='lat' dir='ltr'><strong>ad</strong></span> <span class='ocrx_word' id='word_1_92' title='bbox 643 1109 1117 1206; x_wconf 74' lang='lat' dir='ltr'><strong>praescribendum&#39;dequisitam.</strong></span> 
     </span>
    </p>

    <p class='ocr_par' dir='ltr' id='par_1_8' title="bbox 149 1207 1183 1402">
     <span class='ocr_line' id='line_1_13' title="bbox 193 1207 1183 1300; baseline -0.003 -22"><span class='ocrx_word' id='word_1_93' title='bbox 193 1209 297 1300; x_wconf 88' lang='lat' dir='ltr'><strong>Hujus</strong></span> <span class='ocrx_word' id='word_1_94' title='bbox 310 1210 400 1276; x_wconf 84' lang='lat' dir='ltr'><strong>bonae</strong></span> <span class='ocrx_word' id='word_1_95' title='bbox 423 1208 499 1278; x_wconf 90' lang='lat' dir='ltr'><strong>fidei</strong></span> <span class='ocrx_word' id='word_1_96' title='bbox 512 1207 746 1277; x_wconf 83' lang='lat' dir='ltr'><strong>fundamentum</strong></span> <span class='ocrx_word' id='word_1_97' title='bbox 764 1223 810 1277; x_wconf 91' lang='lat' dir='ltr'><strong>est</strong></span> <span class='ocrx_word' id='word_1_98' title='bbox 823 1207 930 1280; x_wconf 90' lang='lat' dir='ltr'><strong>titulus</strong></span> <span class='ocrx_word' id='word_1_99' title='bbox 954 1208 1107 1278; x_wconf 86' lang='lat' dir='ltr'><strong>coloratus</strong></span> <span class='ocrx_word' id='word_1_100' title='bbox 1129 1223 1183 1278; x_wconf 87' lang='lat' dir='ltr'><strong>aut</strong></span> 
     </span>
     <span class='ocr_line' id='line_1_14' title="bbox 149 1321 368 1402; baseline -0.01 -28"><span class='ocrx_word' id='word_1_101' title='bbox 149 1321 368 1402; x_wconf 85' lang='lat' dir='ltr'><strong>praesumptus.</strong></span> 
     </span>
    </p>

    <p class='ocr_par' dir='ltr' id='par_1_9' title="bbox 152 1397 1180 1596">
     <span class='ocr_line' id='line_1_15' title="bbox 194 1397 1180 1492; baseline -0.006 -20"><span class='ocrx_word' id='word_1_102' title='bbox 194 1408 267 1486; x_wconf 71' lang='lat'><strong>406.</strong></span> <span class='ocrx_word' id='word_1_103' title='bbox 284 1401 410 1470; x_wconf 89' lang='lat' dir='ltr'><strong>Estt</strong></span> <span class='ocrx_word' id='word_1_104' title='bbox 357 1414 410 1468; x_wconf 88' lang='lat' dir='ltr'><strong>aut</strong></span> <span class='ocrx_word' id='word_1_105' title='bbox 412 1425 461 1467; x_wconf 90' lang='lat' dir='ltr'><strong>ern</strong></span> <span class='ocrx_word' id='word_1_106' title='bbox 474 1397 555 1466; x_wconf 89' lang='lat' dir='ltr'><strong>bona</strong></span> <span class='ocrx_word' id='word_1_107' title='bbox 568 1397 663 1482; x_wconf 88' lang='lat' dir='ltr'><strong>fides,</strong></span> <span class='ocrx_word' id='word_1_108' title='bbox 675 1397 715 1467; x_wconf 89' lang='lat' dir='ltr'><strong>de</strong></span> <span class='ocrx_word' id='word_1_109' title='bbox 725 1424 786 1492; x_wconf 87' lang='lat' dir='ltr'><strong>qua</strong></span> <span class='ocrx_word' id='word_1_110' title='bbox 770 1397 851 1466; x_wconf 86' lang='grc' dir='ltr'><strong>Λ1ιὶι</strong></span> <span class='ocrx_word' id='word_1_111' title='bbox 861 1397 1032 1490; x_wconf 84' lang='lat' dir='ltr'><strong>,judicium</strong></span> <span class='ocrx_word' id='word_1_112' title='bbox 1044 1399 1180 1490; x_wconf 88' lang='lat' dir='ltr'><strong>prudens</strong></span> 
     </span>
     <span class='ocr_line' id='line_1_16' title="bbox 152 1493 934 1612; baseline -0.005 -46"><span class='ocrx_word' id='word_1_113' title='bbox 152 1525 214 1612; x_wconf 86' lang='lat' dir='ltr'><strong>qno</strong></span> <span class='ocrx_word' id='word_1_114' title='bbox 229 1497 298 1594; x_wconf 89' lang='lat' dir='ltr'><strong>quis</strong></span> <span class='ocrx_word' id='word_1_115' title='bbox 313 1493 411 1563; x_wconf 90' lang='lat' dir='ltr'><strong>eredit</strong></span> <span class='ocrx_word' id='word_1_116' title='bbox 420 1519 489 1562; x_wconf 88' lang='lat' dir='ltr'><strong>rem</strong></span> <span class='ocrx_word' id='word_1_117' title='bbox 500 1518 591 1586; x_wconf 89' lang='lat' dir='ltr'><strong>quam</strong></span> <span class='ocrx_word' id='word_1_118' title='bbox 603 1493 742 1586; x_wconf 85' lang='lat' dir='ltr'><strong>possidet</strong></span> <span class='ocrx_word' id='word_1_119' title='bbox 755 1519 821 1562; x_wconf 90' lang='lat' dir='ltr'><strong>esse</strong></span> <span class='ocrx_word' id='word_1_120' title='bbox 835 1519 934 1562; x_wconf 87' lang='lat' dir='ltr'><strong>suam.</strong></span> 
     </span>
    </p>

    <p class='ocr_par' dir='ltr' id='par_1_10' title="bbox 152 1589 1182 1779">
     <span class='ocr_line' id='line_1_17' title="bbox 193 1589 1182 1682; baseline -0.005 -20"><span class='ocrx_word' id='word_1_121' title='bbox 193 1591 317 1662; x_wconf 88' lang='lat' dir='ltr'><strong>Bonam</strong></span> <span class='ocrx_word' id='word_1_122' title='bbox 331 1615 405 1682; x_wconf 83' lang='lat' dir='ltr'><strong>ergo</strong></span> <span class='ocrx_word' id='word_1_123' title='bbox 389 1590 511 1657; x_wconf 87' lang='lat' dir='ltr'><strong>fidem</strong></span> <span class='ocrx_word' id='word_1_124' title='bbox 526 1589 655 1682; x_wconf 87' lang='lat' dir='ltr'><strong>impedit</strong></span> <span class='ocrx_word' id='word_1_125' title='bbox 670 1589 821 1657; x_wconf 86' lang='lat' dir='ltr'><strong>dubitatio</strong></span> <span class='ocrx_word' id='word_1_126' title='bbox 832 1591 910 1657; x_wconf 87' lang='lat' dir='ltr'><strong>bene</strong></span> <span class='ocrx_word' id='word_1_127' title='bbox 923 1589 1053 1658; x_wconf 79' lang='lat' dir='ltr'><strong>fundata</strong></span> <span class='ocrx_word' id='word_1_128' title='bbox 1067 1613 1182 1682; x_wconf 85' lang='lat' dir='ltr'><strong>praece-</strong></span> 
     </span>
     <span class='ocr_line' id='line_1_18' title="bbox 152 1683 1054 1779; baseline -0.006 -22"><span class='ocrx_word' id='word_1_129' title='bbox 152 1690 229 1758; x_wconf 89' lang='lat' dir='ltr'><strong>dens</strong></span> <span class='ocrx_word' id='word_1_130' title='bbox 241 1703 296 1756; x_wconf 85' lang='lat' dir='ltr'><strong>aut</strong></span> <span class='ocrx_word' id='word_1_131' title='bbox 311 1685 519 1754; x_wconf 76' lang='lat' dir='ltr'><strong>concomitans</strong></span> <span class='ocrx_word' id='word_1_132' title='bbox 533 1683 763 1754; x_wconf 87' lang='lat' dir='ltr'><strong>inchoationem</strong></span> <span class='ocrx_word' id='word_1_133' title='bbox 777 1685 978 1779; x_wconf 86' lang='lat' dir='ltr'><strong>possessionis</strong></span> <span class='ocrx_word' id='word_1_134' title='bbox 990 1688 1054 1772; x_wconf 78' lang='lat' dir='ltr'><strong>(a).</strong></span> 
     </span>
    </p>

    <p class='ocr_par' dir='ltr' id='par_1_11' title="bbox 149 1781 1190 1974">
     <span class='ocr_line' id='line_1_19' title="bbox 156 1781 1181 1896; baseline -0.004 -41.859"><span class='ocrx_word' id='word_1_135' title='bbox 156 1786 290 1882; x_wconf 84' lang='lat' dir='ltr'><strong>Bonae</strong></span> <span class='ocrx_word' id='word_1_136' title='bbox 312 1784 386 1852; x_wconf 82' lang='lat' dir='ltr'><strong>idei</strong></span> <span class='ocrx_word' id='word_1_137' title='bbox 407 1781 621 1852; x_wconf 85' lang='lat' dir='ltr'><strong>necessitatem</strong></span> <span class='ocrx_word' id='word_1_138' title='bbox 650 1783 692 1850; x_wconf 89' lang='lat' dir='ltr'><strong>ad</strong></span> <span class='ocrx_word' id='word_1_139' title='bbox 708 1783 988 1896; x_wconf 32' lang='lat' dir='ltr'><strong>‘praescribendum</strong></span> <span class='ocrx_word' id='word_1_140' title='bbox 1013 1797 1181 1878; x_wconf 80' lang='lat' dir='ltr'><strong>agnoscunt</strong></span> 
     </span>
     <span class='ocr_line' id='line_1_20' title="bbox 149 1871 1190 1974; baseline -0.004 -24"><span class='ocrx_word' id='word_1_141' title='bbox 149 1871 268 1950; x_wconf 83' lang='lat' dir='ltr'><strong>omnes.</strong></span> <span class='ocrx_word' id='word_1_142' title='bbox 284 1879 335 1950; x_wconf 87' lang='lat' dir='ltr'><strong>Ex</strong></span> <span class='ocrx_word' id='word_1_143' title='bbox 345 1879 514 1971; x_wconf 82' lang='lat' dir='ltr'><strong>reguld</strong></span> <span class='ocrx_word' id='word_1_144' title='bbox 467 1905 548 1947; x_wconf 90' lang='lat' dir='ltr'><strong>enrm</strong></span> <span class='ocrx_word' id='word_1_145' title='bbox 560 1879 715 1948; x_wconf 80' lang='lat' dir='ltr'><strong>secundd</strong></span> <span class='ocrx_word' id='word_1_146' title='bbox 704 1879 782 1969; x_wconf 83' lang='lat' dir='ltr'><strong>Juris</strong></span> <span class='ocrx_word' id='word_1_147' title='bbox 797 1903 828 1946; x_wconf 89' lang='grc' dir='ltr'><strong>ιιι</strong></span> <span class='ocrx_word' id='word_1_148' title='bbox 842 1883 903 1946; x_wconf 98' lang='grc'>6</span> <span class='ocrx_word' id='word_1_149' title='bbox 888 1901 1079 1974; x_wconf 86' lang='lat' dir='ltr'><strong>«possessor</strong></span> <span class='ocrx_word' id='word_1_150' title='bbox 1089 1878 1190 1948; x_wconf 71' lang='lat' dir='ltr'><strong>malm·</strong></span> 
     </span>
    </p>
   </div>
   <div class='ocr_carea' id='block_1_5' title="bbox 151 1976 1181 2161">
    <p class='ocr_par' dir='ltr' id='par_1_12' title="bbox 151 1976 1181 2161">
     <span class='ocr_line' id='line_1_21' title="bbox 151 1976 797 2079; baseline -0.011 -35"><span class='ocrx_word' id='word_1_151' title='bbox 151 2005 169 2035; x_wconf 72' lang='lat' dir='ltr'><strong>a</strong></span> <span class='ocrx_word' id='word_1_152' title='bbox 181 1977 258 2044; x_wconf 91' lang='lat' dir='ltr'><strong>fidei</strong></span> <span class='ocrx_word' id='word_1_153' title='bbox 268 1977 333 2042; x_wconf 92' lang='lat' dir='ltr'><strong>ullo</strong></span> <span class='ocrx_word' id='word_1_154' title='bbox 346 1993 562 2079; x_wconf 69' lang='lat' dir='ltr'><strong>ternporenou</strong></span> <span class='ocrx_word' id='word_1_155' title='bbox 577 1976 764 2064; x_wconf 86' lang='lat' dir='ltr'><strong>praescrihit.</strong></span> <span class='ocrx_word' id='word_1_156' title='bbox 781 2001 797 2030; x_wconf 85' lang='lat'>»</span> 
     </span>
     <span class='ocr_line' id='line_1_22' title="bbox 190 2057 1181 2161; baseline -0.004 -23"><span class='ocrx_word' id='word_1_157' title='bbox 190 2069 236 2138; x_wconf 84' lang='lat' dir='ltr'><strong>Et</strong></span> <span class='ocrx_word' id='word_1_158' title='bbox 255 2093 323 2138; x_wconf 92' lang='lat' dir='ltr'><strong>eam</strong></span> <span class='ocrx_word' id='word_1_159' title='bbox 337 2066 483 2161; x_wconf 87' lang='lat' dir='ltr'><strong>supponit</strong></span> <span class='ocrx_word' id='word_1_160' title='bbox 496 2067 544 2156; x_wconf 85' lang='lat' dir='ltr'><strong>jus</strong></span> <span class='ocrx_word' id='word_1_161' title='bbox 564 2065 654 2132; x_wconf 90' lang='lat' dir='ltr'><strong>civile</strong></span> <span class='ocrx_word' id='word_1_162' title='bbox 668 2065 872 2156; x_wconf 81' lang='lat' dir='ltr'><strong>gallicanum,</strong></span> <span class='ocrx_word' id='word_1_163' title='bbox 885 2057 1025 2157; x_wconf 86' lang='lat' dir='ltr'><strong>quamvis</strong></span> <span class='ocrx_word' id='word_1_164' title='bbox 1039 2066 1073 2132; x_wconf 91' lang='lat' dir='ltr'><strong>in</strong></span> <span class='ocrx_word' id='word_1_165' title='bbox 1094 2091 1181 2160; x_wconf 80' lang='lat' dir='ltr'><strong>praa-</strong></span> 
     </span>
    </p>
   </div>
   <div class='ocr_carea' id='block_1_6' title="bbox 143 2161 1243 4056">
    <p class='ocr_par' dir='ltr' id='par_1_13' title="bbox 149 2161 1177 2258">
     <span class='ocr_line' id='line_1_23' title="bbox 149 2161 1177 2258; baseline -0.006 -24"><span class='ocrx_word' id='word_1_166' title='bbox 149 2180 317 2258; x_wconf 78' lang='lat' dir='ltr'><strong>scriptione</strong></span> <span class='ocrx_word' id='word_1_167' title='bbox 327 2163 367 2226; x_wconf 83' lang='lat'><strong>30</strong></span> <span class='ocrx_word' id='word_1_168' title='bbox 378 2184 600 2230; x_wconf 88' lang='lat' dir='ltr'><strong>annorumnon</strong></span> <span class='ocrx_word' id='word_1_169' title='bbox 609 2177 707 2254; x_wconf 79' lang='lat' dir='ltr'><strong>possit</strong></span> <span class='ocrx_word' id='word_1_170' title='bbox 715 2187 827 2256; x_wconf 87' lang='lat' dir='ltr'><strong>ooponr</strong></span> <span class='ocrx_word' id='word_1_171' title='bbox 837 2186 901 2250; x_wconf 85' lang='lat' dir='ltr'><strong>eJus</strong></span> <span class='ocrx_word' id='word_1_172' title='bbox 909 2161 1177 2250; x_wconf 82' lang='lat' dir='ltr'><strong>defectus(2262)</strong></span> 
     </span>
    </p>

    <p class='ocr_par' dir='ltr' id='par_1_14' title="bbox 146 2255 1243 2928">
     <span class='ocr_line' id='line_1_24' title="bbox 191 2255 1180 2353; baseline 0.002 -25"><span class='ocrx_word' id='word_1_173' title='bbox 191 2261 313 2328; x_wconf 81' lang='grc' dir='ltr'><strong>Νιιιι(</strong></span> <span class='ocrx_word' id='word_1_174' title='bbox 298 2290 313 2318; x_wconf 94' lang='grc'><strong>((</strong></span> <span class='ocrx_word' id='word_1_175' title='bbox 332 2258 413 2328; x_wconf 91' lang='lat' dir='ltr'><strong>celui</strong></span> <span class='ocrx_word' id='word_1_176' title='bbox 426 2256 481 2350; x_wconf 89' lang='lat' dir='ltr'><strong>qui</strong></span> <span class='ocrx_word' id='word_1_177' title='bbox 504 2257 644 2350; x_wconf 85' lang='lat' dir='ltr'><strong>aequiert</strong></span> <span class='ocrx_word' id='word_1_178' title='bbox 666 2259 706 2326; x_wconf 81' lang='lat' dir='ltr'><strong>de</strong></span> <span class='ocrx_word' id='word_1_179' title='bbox 723 2257 886 2350; x_wconf 79' lang='lat' dir='ltr'><strong>bonnesoi</strong></span> <span class='ocrx_word' id='word_1_180' title='bbox 898 2272 928 2325; x_wconf 88' lang='lat' dir='ltr'><strong>et</strong></span> <span class='ocrx_word' id='word_1_181' title='bbox 941 2282 1000 2352; x_wconf 90' lang='lat' dir='ltr'><strong>par</strong></span> <span class='ocrx_word' id='word_1_182' title='bbox 1013 2258 1094 2353; x_wconf 74' lang='lat' dir='ltr'><strong>juste</strong></span> <span class='ocrx_word' id='word_1_183' title='bbox 1107 2255 1180 2330; x_wconf 85' lang='lat' dir='ltr'><strong>titre</strong></span> 
     </span>
     <span class='ocr_line' id='line_1_25' title="bbox 148 2353 1180 2474; baseline 0 -50"><span class='ocrx_word' id='word_1_184' title='bbox 148 2381 166 2412; x_wconf 72' lang='lat' dir='ltr'><strong>a</strong></span> <span class='ocrx_word' id='word_1_185' title='bbox 183 2382 228 2424; x_wconf 90' lang='lat' dir='ltr'><strong>un</strong></span> <span class='ocrx_word' id='word_1_186' title='bbox 240 2354 426 2437; x_wconf 84' lang='lat' dir='ltr'><strong>rmmeuble</strong></span> <span class='ocrx_word' id='word_1_187' title='bbox 437 2379 478 2422; x_wconf 90' lang='lat' dir='ltr'><strong>en</strong></span> <span class='ocrx_word' id='word_1_188' title='bbox 500 2369 634 2447; x_wconf 88' lang='lat' dir='ltr'><strong>prescrrt</strong></span> <span class='ocrx_word' id='word_1_189' title='bbox 646 2353 677 2421; x_wconf 91' lang='lat' dir='ltr'><strong>la</strong></span> <span class='ocrx_word' id='word_1_190' title='bbox 690 2354 869 2474; x_wconf 77' lang='lat' dir='ltr'><strong>proprie&#39;te,</strong></span> <span class='ocrx_word' id='word_1_191' title='bbox 886 2369 943 2422; x_wconf 89' lang='lat' dir='ltr'><strong>etc.</strong></span> <span class='ocrx_word' id='word_1_192' title='bbox 958 2355 1109 2444; x_wconf 82' lang='lat'>(2265).‹</span> <span class='ocrx_word' id='word_1_193' title='bbox 1101 2355 1180 2424; x_wconf 87' lang='lat' dir='ltr'><strong>«La</strong></span> 
     </span>
     <span class='ocr_line' id='line_1_26' title="bbox 151 2449 1179 2543; baseline 0.001 -23"><span class='ocrx_word' id='word_1_194' title='bbox 151 2479 167 2510; x_wconf 76' lang='lat' dir='ltr'><strong>a</strong></span> <span class='ocrx_word' id='word_1_195' title='bbox 187 2452 340 2520; x_wconf 79' lang='lat' dir='ltr'><strong>bonnefor</strong></span> <span class='ocrx_word' id='word_1_196' title='bbox 350 2466 395 2519; x_wconf 87' lang='lat' dir='ltr'><strong>est</strong></span> <span class='ocrx_word' id='word_1_197' title='bbox 406 2452 544 2541; x_wconf 70' lang='lat' dir='ltr'><strong>toupours</strong></span> <span class='ocrx_word' id='word_1_198' title='bbox 555 2474 734 2543; x_wconf 79' lang='lat' dir='ltr'><strong>presumee</strong></span> <span class='ocrx_word' id='word_1_199' title='bbox 748 2467 804 2520; x_wconf 90' lang='lat' dir='ltr'><strong>ete</strong></span> <span class='ocrx_word' id='word_1_200' title='bbox 806 2449 982 2521; x_wconf 86' lang='lat' dir='ltr'><strong>’estacelui</strong></span> <span class='ocrx_word' id='word_1_201' title='bbox 994 2475 1048 2542; x_wconf 85' lang='lat' dir='ltr'><strong>qur</strong></span> <span class='ocrx_word' id='word_1_202' title='bbox 1038 2449 1179 2542; x_wconf 85' lang='lat' dir='ltr'><strong>allegue</strong></span> 
     </span>
     <span class='ocr_line' id='line_1_27' title="bbox 150 2533 1178 2640; baseline 0 -26"><span class='ocrx_word' id='word_1_203' title='bbox 150 2575 167 2605; x_wconf 84' lang='lat'>»</span> <span class='ocrx_word' id='word_1_204' title='bbox 189 2546 220 2614; x_wconf 96' lang='lat' dir='ltr'><strong>la</strong></span> <span class='ocrx_word' id='word_1_205' title='bbox 236 2533 393 2614; x_wconf 78' lang='lat' dir='ltr'><strong>mauvaise</strong></span> <span class='ocrx_word' id='word_1_206' title='bbox 406 2545 475 2613; x_wconf 87' lang='lat' dir='ltr'><strong>foi</strong></span> <span class='ocrx_word' id='word_1_207' title='bbox 465 2571 494 2616; x_wconf 88' lang='lat' dir='ltr'><strong>a</strong></span> <span class='ocrx_word' id='word_1_208' title='bbox 497 2545 528 2632; x_wconf 87' lang='lat' dir='ltr'><strong>la</strong></span> <span class='ocrx_word' id='word_1_209' title='bbox 543 2568 678 2640; x_wconf 86' lang='lat' dir='ltr'><strong>prouver</strong></span> <span class='ocrx_word' id='word_1_210' title='bbox 688 2548 848 2634; x_wconf 81' lang='lat'>(2268).›</span> <span class='ocrx_word' id='word_1_211' title='bbox 832 2546 992 2614; x_wconf 72' lang='lat' dir='ltr'><strong>›Undie</strong></span> <span class='ocrx_word' id='word_1_212' title='bbox 967 2571 995 2613; x_wconf 91' lang='lat' dir='ltr'><strong>s1</strong></span> <span class='ocrx_word' id='word_1_213' title='bbox 1008 2546 1090 2614; x_wconf 93' lang='lat' dir='ltr'><strong>mala</strong></span> <span class='ocrx_word' id='word_1_214' title='bbox 1100 2547 1178 2614; x_wconf 88' lang='lat' dir='ltr'><strong>fides</strong></span> 
     </span>
     <span class='ocr_line' id='line_1_28' title="bbox 147 2625 1177 2752; baseline -0.001 -42"><span class='ocrx_word' id='word_1_215' title='bbox 147 2642 275 2737; x_wconf 85' lang='lat' dir='ltr'><strong>probari</strong></span> <span class='ocrx_word' id='word_1_216' title='bbox 286 2657 435 2752; x_wconf 82' lang='lat' dir='ltr'><strong>nequeat,</strong></span> <span class='ocrx_word' id='word_1_217' title='bbox 446 2625 562 2712; x_wconf 82' lang='lat' dir='ltr'><strong>valebit</strong></span> <span class='ocrx_word' id='word_1_218' title='bbox 549 2641 698 2734; x_wconf 88' lang='lat' dir='ltr'><strong>tquidem</strong></span> <span class='ocrx_word' id='word_1_219' title='bbox 708 2643 901 2736; x_wconf 86' lang='lat' dir='ltr'><strong>praescriptio</strong></span> <span class='ocrx_word' id='word_1_220' title='bbox 912 2643 945 2706; x_wconf 90' lang='lat' dir='ltr'><strong>in</strong></span> <span class='ocrx_word' id='word_1_221' title='bbox 958 2641 1027 2708; x_wconf 87' lang='lat' dir='ltr'><strong>soro</strong></span> <span class='ocrx_word' id='word_1_222' title='bbox 1039 2657 1177 2725; x_wconf 85' lang='lat' dir='ltr'><strong>externo,</strong></span> 
     </span>
     <span class='ocr_line' id='line_1_29' title="bbox 148 2735 1243 2820; baseline -0.003 -14"><span class='ocrx_word' id='word_1_223' title='bbox 148 2741 282 2807; x_wconf 87' lang='lat' dir='ltr'><strong>sednon</strong></span> <span class='ocrx_word' id='word_1_224' title='bbox 297 2739 331 2803; x_wconf 89' lang='lat' dir='ltr'><strong>in</strong></span> <span class='ocrx_word' id='word_1_225' title='bbox 344 2739 482 2818; x_wconf 89' lang='lat' dir='ltr'><strong>interno,</strong></span> <span class='ocrx_word' id='word_1_226' title='bbox 499 2742 587 2817; x_wconf 80' lang='lat' dir='ltr'><strong>ciam,</strong></span> <span class='ocrx_word' id='word_1_227' title='bbox 598 2737 634 2804; x_wconf 91' lang='lat' dir='ltr'><strong>si</strong></span> <span class='ocrx_word' id='word_1_228' title='bbox 651 2761 760 2803; x_wconf 88' lang='lat' dir='ltr'><strong>revera</strong></span> <span class='ocrx_word' id='word_1_229' title='bbox 780 2737 862 2802; x_wconf 89' lang='lat' dir='ltr'><strong>bona</strong></span> <span class='ocrx_word' id='word_1_230' title='bbox 881 2736 958 2802; x_wconf 87' lang='lat' dir='ltr'><strong>fides</strong></span> <span class='ocrx_word' id='word_1_231' title='bbox 976 2759 1039 2802; x_wconf 85' lang='lat' dir='ltr'><strong>non</strong></span> <span class='ocrx_word' id='word_1_232' title='bbox 1052 2735 1177 2820; x_wconf 83' lang='lat' dir='ltr'><strong>existat,</strong></span> <span class='ocrx_word' id='word_1_233' title='bbox 1207 2765 1243 2820; x_wconf 30' lang='grc' dir='ltr'><strong>Ι(</strong></span> 
     </span>
     <span class='ocr_line' id='line_1_30' title="bbox 146 2789 1176 2928; baseline 0 -28"><span class='ocrx_word' id='word_1_234' title='bbox 146 2831 298 2925; x_wconf 83' lang='lat' dir='ltr'><strong>judicium</strong></span> <span class='ocrx_word' id='word_1_235' title='bbox 312 2830 375 2898; x_wconf 83' lang='lat' dir='ltr'><strong>fo1i</strong></span> <span class='ocrx_word' id='word_1_236' title='bbox 390 2847 474 2898; x_wconf 82' lang='lat' dir='ltr'><strong>exter</strong></span> <span class='ocrx_word' id='word_1_237' title='bbox 475 2857 507 2898; x_wconf 89' lang='grc' dir='ltr'><strong>ιιι</strong></span> <span class='ocrx_word' id='word_1_238' title='bbox 498 2789 696 2900; x_wconf 83' lang='lat' dir='ltr'><strong>fundetur</strong></span> <span class='ocrx_word' id='word_1_239' title='bbox 686 2857 718 2898; x_wconf 91' lang='grc' dir='ltr'><strong>ιιι</strong></span> <span class='ocrx_word' id='word_1_240' title='bbox 735 2830 814 2899; x_wconf 82' lang='lat' dir='ltr'><strong>falsd</strong></span> <span class='ocrx_word' id='word_1_241' title='bbox 834 2832 1074 2928; x_wconf 87' lang='lat' dir='ltr'><strong>praesumptione</strong></span> <span class='ocrx_word' id='word_1_242' title='bbox 1088 2827 1176 2903; x_wconf 78' lang='lat' dir='ltr'><strong>lacu.</strong></span> 
     </span>
    </p>

    <p class='ocr_par' dir='ltr' id='par_1_15' title="bbox 143 2925 1178 3495">
     <span class='ocr_line' id='line_1_31' title="bbox 188 2925 1178 3023; baseline 0.003 -29"><span class='ocrx_word' id='word_1_243' title='bbox 188 2927 253 2995; x_wconf 88' lang='grc' dir='ltr'><strong>Ηιι</strong></span> <span class='ocrx_word' id='word_1_244' title='bbox 269 2943 377 2994; x_wconf 88' lang='lat' dir='ltr'><strong>nota.</strong></span> <span class='ocrx_word' id='word_1_245' title='bbox 369 2925 575 2994; x_wconf 89' lang='lat' dir='ltr'><strong>Servitutes</strong></span> <span class='ocrx_word' id='word_1_246' title='bbox 601 2950 670 3018; x_wconf 86' lang='lat' dir='ltr'><strong>quae</strong></span> <span class='ocrx_word' id='word_1_247' title='bbox 695 2950 731 2992; x_wconf 87' lang='lat' dir='ltr'><strong>ex</strong></span> <span class='ocrx_word' id='word_1_248' title='bbox 755 2930 866 2994; x_wconf 74' lang='lat' dir='ltr'><strong>natural</strong></span> <span class='ocrx_word' id='word_1_249' title='bbox 888 2929 943 2996; x_wconf 79' lang='lat' dir='ltr'><strong>sud</strong></span> <span class='ocrx_word' id='word_1_250' title='bbox 967 2954 1029 2996; x_wconf 90' lang='lat' dir='ltr'><strong>non</strong></span> <span class='ocrx_word' id='word_1_251' title='bbox 1052 2929 1178 3023; x_wconf 81' lang='lat' dir='ltr'><strong>exigunt</strong></span> 
     </span>
     <span class='ocr_line' id='line_1_32' title="bbox 147 3021 1178 3116; baseline 0.004 -25"><span class='ocrx_word' id='word_1_252' title='bbox 147 3023 284 3116; x_wconf 88' lang='lat' dir='ltr'><strong>aliquam</strong></span> <span class='ocrx_word' id='word_1_253' title='bbox 301 3021 452 3092; x_wconf 82' lang='lat' dir='ltr'><strong>actionem</strong></span> <span class='ocrx_word' id='word_1_254' title='bbox 468 3048 505 3090; x_wconf 89' lang='lat' dir='ltr'><strong>ex</strong></span> <span class='ocrx_word' id='word_1_255' title='bbox 517 3037 605 3116; x_wconf 89' lang='lat' dir='ltr'><strong>parte</strong></span> <span class='ocrx_word' id='word_1_256' title='bbox 618 3021 701 3088; x_wconf 90' lang='lat' dir='ltr'><strong>illius</strong></span> <span class='ocrx_word' id='word_1_257' title='bbox 719 3023 773 3115; x_wconf 90' lang='lat' dir='ltr'><strong>qui</strong></span> <span class='ocrx_word' id='word_1_258' title='bbox 791 3023 829 3090; x_wconf 90' lang='lat' dir='ltr'><strong>iis</strong></span> <span class='ocrx_word' id='word_1_259' title='bbox 840 3023 1021 3112; x_wconf 82' lang='lat' dir='ltr'><strong>sub&#39;jicitur,</strong></span> <span class='ocrx_word' id='word_1_260' title='bbox 1036 3027 1092 3094; x_wconf 89' lang='lat' dir='ltr'><strong>sed</strong></span> <span class='ocrx_word' id='word_1_261' title='bbox 1102 3043 1178 3094; x_wconf 89' lang='lat' dir='ltr'><strong>tan</strong></span> 
     </span>
     <span class='ocr_line' id='line_1_33' title="bbox 147 3117 1177 3226; baseline 0.003 -40"><span class='ocrx_word' id='word_1_262' title='bbox 147 3123 214 3189; x_wconf 80' lang='lat' dir='ltr'><strong>tiam</strong></span> <span class='ocrx_word' id='word_1_263' title='bbox 230 3135 265 3187; x_wconf 90' lang='lat' dir='ltr'><strong>ut</strong></span> <span class='ocrx_word' id='word_1_264' title='bbox 284 3145 336 3187; x_wconf 91' lang='lat' dir='ltr'><strong>eas</strong></span> <span class='ocrx_word' id='word_1_265' title='bbox 351 3117 503 3225; x_wconf 80' lang='lat' dir='ltr'><strong>patiatur,</strong></span> <span class='ocrx_word' id='word_1_266' title='bbox 518 3133 647 3226; x_wconf 88' lang='lat' dir='ltr'><strong>possunt</strong></span> <span class='ocrx_word' id='word_1_267' title='bbox 660 3117 726 3186; x_wconf 86' lang='lat' dir='ltr'><strong>sine</strong></span> <span class='ocrx_word' id='word_1_268' title='bbox 740 3119 821 3186; x_wconf 83' lang='lat' dir='ltr'><strong>hond</strong></span> <span class='ocrx_word' id='word_1_269' title='bbox 835 3119 896 3187; x_wconf 86' lang='lat' dir='ltr'><strong>fide</strong></span> <span class='ocrx_word' id='word_1_270' title='bbox 911 3119 1017 3188; x_wconf 72' lang='lat' dir='ltr'><strong>stricte</strong></span> <span class='ocrx_word' id='word_1_271' title='bbox 1037 3121 1120 3190; x_wconf 79' lang='lat' dir='ltr'><strong>dicet</strong></span> <span class='ocrx_word' id='word_1_272' title='bbox 1137 3124 1177 3190; x_wconf 89' lang='lat' dir='ltr'><strong>ab</strong></span> 
     </span>
     <span class='ocr_line' id='line_1_34' title="bbox 146 3210 1177 3318; baseline 0.001 -39"><span class='ocrx_word' id='word_1_273' title='bbox 146 3237 182 3280; x_wconf 89' lang='lat' dir='ltr'><strong>eo</strong></span> <span class='ocrx_word' id='word_1_274' title='bbox 191 3238 245 3305; x_wconf 89' lang='lat' dir='ltr'><strong>per</strong></span> <span class='ocrx_word' id='word_1_275' title='bbox 257 3211 524 3318; x_wconf 74' lang='lat' dir='ltr'><strong>praescriptionem</strong></span> <span class='ocrx_word' id='word_1_276' title='bbox 538 3212 718 3302; x_wconf 54' lang='lat' dir='ltr'><strong>extingui&amp;</strong></span> <span class='ocrx_word' id='word_1_277' title='bbox 719 3215 745 3293; x_wconf 91' lang='lat'><strong>),</strong></span> <span class='ocrx_word' id='word_1_278' title='bbox 760 3238 787 3279; x_wconf 84' lang='lat' dir='ltr'><strong>sl</strong></span> <span class='ocrx_word' id='word_1_279' title='bbox 777 3210 902 3280; x_wconf 81' lang='lat' dir='ltr'><strong>alter</strong></span> <span class='ocrx_word' id='word_1_280' title='bbox 895 3237 960 3302; x_wconf 68' lang='lat' dir='ltr'><strong>pure</strong></span> <span class='ocrx_word' id='word_1_281' title='bbox 970 3237 1026 3280; x_wconf 87' lang='lat' dir='ltr'><strong>suo</strong></span> <span class='ocrx_word' id='word_1_282' title='bbox 1039 3238 1103 3280; x_wconf 89' lang='lat' dir='ltr'><strong>non</strong></span> <span class='ocrx_word' id='word_1_283' title='bbox 1112 3228 1177 3280; x_wconf 84' lang='lat' dir='ltr'><strong>uta·</strong></span> 
     </span>
     <span class='ocr_line' id='line_1_35' title="bbox 143 3303 1173 3399; baseline 0 -24"><span class='ocrx_word' id='word_1_284' title='bbox 143 3319 207 3388; x_wconf 86' lang='lat' dir='ltr'><strong>tur,</strong></span> <span class='ocrx_word' id='word_1_285' title='bbox 218 3308 310 3376; x_wconf 76' lang='lat' dir='ltr'><strong>modi)</strong></span> <span class='ocrx_word' id='word_1_286' title='bbox 322 3332 392 3375; x_wconf 91' lang='lat' dir='ltr'><strong>eum</strong></span> <span class='ocrx_word' id='word_1_287' title='bbox 406 3329 468 3372; x_wconf 89' lang='lat' dir='ltr'><strong>non</strong></span> <span class='ocrx_word' id='word_1_288' title='bbox 482 3305 633 3399; x_wconf 87' lang='lat' dir='ltr'><strong>impediat</strong></span> <span class='ocrx_word' id='word_1_289' title='bbox 642 3303 685 3372; x_wconf 86' lang='lat' dir='ltr'><strong>uti</strong></span> <span class='ocrx_word' id='word_1_290' title='bbox 698 3303 724 3372; x_wconf 88' lang='lat' dir='ltr'><strong>is</strong></span> <span class='ocrx_word' id='word_1_291' title='bbox 739 3305 792 3397; x_wconf 92' lang='lat' dir='ltr'><strong>qui</strong></span> <span class='ocrx_word' id='word_1_292' title='bbox 803 3305 943 3385; x_wconf 80' lang='lat' dir='ltr'><strong>servitute</strong></span> <span class='ocrx_word' id='word_1_293' title='bbox 934 3306 1107 3396; x_wconf 69' lang='lat' dir='ltr'><strong>sublectus</strong></span> <span class='ocrx_word' id='word_1_294' title='bbox 1113 3323 1173 3385; x_wconf 88' lang='lat' dir='ltr'><strong>est</strong></span> 
     </span>
     <span class='ocr_line' id='line_1_36' title="bbox 145 3400 1173 3495; baseline 0 -23"><span class='ocrx_word' id='word_1_295' title='bbox 145 3427 202 3472; x_wconf 85' lang='lat' dir='ltr'><strong>nec</strong></span> <span class='ocrx_word' id='word_1_296' title='bbox 212 3401 415 3495; x_wconf 86' lang='lat' dir='ltr'><strong>praescribens</strong></span> <span class='ocrx_word' id='word_1_297' title='bbox 429 3400 560 3470; x_wconf 86' lang='lat' dir='ltr'><strong>alterum</strong></span> <span class='ocrx_word' id='word_1_298' title='bbox 574 3402 645 3470; x_wconf 93' lang='lat' dir='ltr'><strong>de</strong></span> <span class='ocrx_word' id='word_1_299' title='bbox 633 3425 702 3492; x_wconf 74' lang='lat' dir='ltr'><strong>pure</strong></span> <span class='ocrx_word' id='word_1_300' title='bbox 715 3425 770 3468; x_wconf 91' lang='lat' dir='ltr'><strong>suo</strong></span> <span class='ocrx_word' id='word_1_301' title='bbox 782 3428 908 3472; x_wconf 88' lang='lat' dir='ltr'><strong>monere</strong></span> <span class='ocrx_word' id='word_1_302' title='bbox 922 3417 1028 3472; x_wconf 87' lang='lat' dir='ltr'><strong>tenere</strong></span> <span class='ocrx_word' id='word_1_303' title='bbox 1039 3403 1173 3474; x_wconf 79' lang='lat' dir='ltr'><strong>videam.</strong></span> 
     </span>
    </p>

    <p class='ocr_par' dir='ltr' id='par_1_16' title="bbox 187 3497 967 3590">
     <span class='ocr_line' id='line_1_37' title="bbox 187 3497 967 3590; baseline -0.001 -22"><span class='ocrx_word' id='word_1_304' title='bbox 187 3500 277 3568; x_wconf 88' lang='lat' dir='ltr'><strong>ldem</strong></span> <span class='ocrx_word' id='word_1_305' title='bbox 287 3497 453 3565; x_wconf 77' lang='lat' dir='ltr'><strong>dicendum</strong></span> <span class='ocrx_word' id='word_1_306' title='bbox 463 3497 502 3564; x_wconf 92' lang='lat' dir='ltr'><strong>de</strong></span> <span class='ocrx_word' id='word_1_307' title='bbox 512 3513 632 3564; x_wconf 80' lang='lat' dir='ltr'><strong>actione</strong></span> <span class='ocrx_word' id='word_1_308' title='bbox 643 3512 761 3566; x_wconf 80' lang='lat' dir='ltr'><strong>ratione</strong></span> <span class='ocrx_word' id='word_1_309' title='bbox 772 3523 967 3590; x_wconf 78' lang='lat' dir='ltr'><strong>rnJur1arum</strong></span> 
     </span>
    </p>

    <p class='ocr_par' dir='ltr' id='par_1_17' title="bbox 147 3591 1174 3783">
     <span class='ocr_line' id='line_1_38' title="bbox 186 3591 1174 3685; baseline 0.002 -23"><span class='ocrx_word' id='word_1_310' title='bbox 186 3592 232 3663; x_wconf 85' lang='lat' dir='ltr'><strong>Et</strong></span> <span class='ocrx_word' id='word_1_311' title='bbox 245 3593 285 3662; x_wconf 85' lang='lat' dir='ltr'><strong>de</strong></span> <span class='ocrx_word' id='word_1_312' title='bbox 303 3591 497 3685; x_wconf 86' lang='lat' dir='ltr'><strong>possessione</strong></span> <span class='ocrx_word' id='word_1_313' title='bbox 519 3591 673 3660; x_wconf 73' lang='lat' dir='ltr'><strong>bononem</strong></span> <span class='ocrx_word' id='word_1_314' title='bbox 693 3593 927 3673; x_wconf 78' lang='lat' dir='ltr'><strong>confiscatorum</strong></span> <span class='ocrx_word' id='word_1_315' title='bbox 948 3595 989 3662; x_wconf 88' lang='lat' dir='ltr'><strong>ab</strong></span> <span class='ocrx_word' id='word_1_316' title='bbox 1011 3619 1047 3663; x_wconf 91' lang='lat' dir='ltr'><strong>eo</strong></span> <span class='ocrx_word' id='word_1_317' title='bbox 1067 3593 1174 3664; x_wconf 75' lang='lat' dir='ltr'><strong>habiti</strong></span> 
     </span>
     <span class='ocr_line' id='line_1_39' title="bbox 147 3689 505 3783; baseline -0.02 -23"><span class='ocrx_word' id='word_1_318' title='bbox 147 3693 232 3783; x_wconf 88' lang='lat' dir='ltr'><strong>cujus</strong></span> <span class='ocrx_word' id='word_1_319' title='bbox 246 3689 411 3756; x_wconf 87' lang='lat' dir='ltr'><strong>confiscata</strong></span> <span class='ocrx_word' id='word_1_320' title='bbox 425 3699 505 3754; x_wconf 90' lang='lat' dir='ltr'><strong>sunt.</strong></span> 
     </span>
    </p>

    <p class='ocr_par' dir='ltr' id='par_1_18' title="bbox 147 3782 1172 3973">
     <span class='ocr_line' id='line_1_40' title="bbox 188 3782 1172 3880; baseline 0.002 -26"><span class='ocrx_word' id='word_1_321' title='bbox 188 3787 226 3854; x_wconf 95' lang='lat' dir='ltr'><strong>In</strong></span> <span class='ocrx_word' id='word_1_322' title='bbox 240 3785 289 3854; x_wconf 90' lang='lat' dir='ltr'><strong>his</strong></span> <span class='ocrx_word' id='word_1_323' title='bbox 306 3799 351 3854; x_wconf 86' lang='lat' dir='ltr'><strong>est</strong></span> <span class='ocrx_word' id='word_1_324' title='bbox 372 3782 528 3852; x_wconf 84' lang='lat' dir='ltr'><strong>sufficiens</strong></span> <span class='ocrx_word' id='word_1_325' title='bbox 541 3784 622 3853; x_wconf 88' lang='lat' dir='ltr'><strong>bona</strong></span> <span class='ocrx_word' id='word_1_326' title='bbox 635 3785 728 3870; x_wconf 83' lang='lat' dir='ltr'><strong>fides,</strong></span> <span class='ocrx_word' id='word_1_327' title='bbox 750 3783 824 3878; x_wconf 89' lang='lat' dir='ltr'><strong>quia</strong></span> <span class='ocrx_word' id='word_1_328' title='bbox 841 3785 920 3855; x_wconf 85' lang='lat' dir='ltr'><strong>nihii</strong></span> <span class='ocrx_word' id='word_1_329' title='bbox 934 3785 1036 3880; x_wconf 79' lang='lat' dir='ltr'><strong>agitur</strong></span> <span class='ocrx_word' id='word_1_330' title='bbox 1050 3786 1172 3874; x_wconf 83' lang='lat' dir='ltr'><strong>illiciti,</strong></span> 
     </span>
     <span class='ocr_line' id='line_1_41' title="bbox 147 3879 875 4056; baseline 0.001 -108"><span class='ocrx_word' id='word_1_331' title='bbox 147 3905 204 3948; x_wconf 88' lang='lat' dir='ltr'><strong>nec</strong></span> <span class='ocrx_word' id='word_1_332' title='bbox 218 3879 294 4044; x_wconf 81' lang='lat' dir='ltr'><strong>quid</strong></span> <span class='ocrx_word' id='word_1_333' title='bbox 308 3879 462 3951; x_wconf 88' lang='lat' dir='ltr'><strong>omittitur</strong></span> <span class='ocrx_word' id='word_1_334' title='bbox 475 3880 559 4056; x_wconf 88' lang='lat' dir='ltr'><strong>quod</strong></span> <span class='ocrx_word' id='word_1_335' title='bbox 573 3881 641 3950; x_wconf 90' lang='lat' dir='ltr'><strong>dari</strong></span> <span class='ocrx_word' id='word_1_336' title='bbox 658 3881 782 3951; x_wconf 87' lang='lat' dir='ltr'><strong>debeat</strong></span> <span class='ocrx_word' id='word_1_337' title='bbox 870 3887 875 3900; x_wconf 83' lang='grc'><em>“</em></span> 
     </span>
    </p>
   </div>
   <div class='ocr_carea' id='block_1_7' title="bbox 0 0 1470 4658">
    <p class='ocr_par' dir='ltr' id='par_1_19' title="bbox 0 0 1470 4658">
     <span class='ocr_line' id='line_1_42' title="bbox 0 0 1470 4658; baseline 0 2"><span class='ocrx_word' id='word_1_338' title='bbox 0 0 1470 4658; x_wconf 95' lang='lat' dir='ltr'><strong> </strong></span> 
     </span>
    </p>
   </div>
  </div>
 </body>
</html>
