2928 4680
501 337 830 394 'austrannumv
920 349 923 356 ·
980 319 981 323 '
1112 319 1191 396 315.

13 429 21 460 l
183 427 763 490 Etbonacnpturaesantinlisdepositaddcm.

13 501 18 574 t
182 499 317 547 Notandum
326 498 508 546 restitutionem
515 497 613 545 domino
623 491 766 544 tmilitibus
773 493 828 542 fieri
838 493 931 544 dobere
938 506 983 556 pro
994 493 1078 556 turtis,
1086 493 1190 552 mmnt,

152 567 315 626 tentionibus,
327 568 375 614 etc.
384 579 392 627 ;
402 567 453 614 etsi
462 567 600 626 ignoretur,
611 563 767 613 multitudini
778 565 855 622 laesae,
866 559 957 624 nempe
971 576 1018 624 per
1027 575 1117 611 manus
1126 563 1183 625 Epi-

150 648 279 696 scoporum
288 637 313 682 et
324 636 500 695 parochorum3
511 635 532 682 sl
543 635 627 682 tamen
635 646 675 681 res
684 633 721 681 sat
730 633 812 692 mesni
827 632 860 680 sit
870 633 990 680 momenti
999 632 1029 679 ut
1043 633 1070 680 in
1080 632 1181 680 exteras

151 696 262 763 mannes
271 704 391 754 mittenda
408 703 583 765 praesumatur,
597 698 680 763 potius
696 697 772 763 quim
784 701 937 762 pauperibus
951 701 1079 761 indigenis
1097 701 1183 750 distri·

151 771 258 820 buenda.

180 834 241 887 cum
250 839 333 887 autem
342 834 564 900 militcspregnrii(
573 850 602 886 en
618 839 732 898 pantiano
742 833 751 898 )
763 837 821 886 suut
836 835 943 885 interra
956 849 1008 886 non
1020 838 1122 898 bostiii„
1130 849 1190 899 pec·
1224 849 1232 862 ‘

150 907 207 954 cant
217 905 293 953 etiam
302 907 401 966 peccato
410 920 441 954 en
450 920 532 966 ponere
548 920 590 954 sno
609 902 718 964 mortali,
730 901 789 953 crim
802 905 893 966 prater
902 906 1013 965 tectum,
1024 908 1127 966 lectum,
1138 919 1185 967 pa·

150 973 216 1033 leas,
227 974 275 1021 etc.
284 1007 291 1033 ,
300 975 327 1021 nt
338 974 385 1021 fert
394 973 554 1032 consuetudo,
566 974 694 1034 pecunias,
705 975 765 1034 etc,
776 975 935 1034 extorquent.
945 975 994 1022 Nec
1005 987 1047 1024 eos
1053 975 1182 1024 excusaret

91 1087 107 1105 x
149 1040 241 1090 dueum
249 1043 381 1090 auctoritas
390 1043 431 1090 rel
439 1041 612 1090 dissimulatio.

178 1109 410 1170 incensationem
429 1111 512 1158 tamen
528 1123 577 1158 non
593 1111 735 1170 obligantur
749 1109 843 1158 milites
854 1111 897 1172 qui
909 1110 1095 1160 innecessitete
1106 1111 1182 1160 surri-

148 1176 233 1236 piunt,
252 1177 323 1226 modd
335 1174 414 1226 soldm
431 1177 590 1237 inquantum
609 1179 658 1226 iert
672 1179 821 1237 necessitas,
835 1179 877 1226 rel
893 1179 1015 1244 quantum
1031 1179 1181 1239 permittunt

148 1245 232 1295 duces.
243 1248 360 1308 Alioquin
371 1241 463 1306 seepibs
470 1245 555 1294 incdit
565 1249 732 1298 morerentur.
739 1247 780 1295 Sic
791 1259 835 1306 pro
844 1247 1180 1300 casunecessitatisetiamiu

148 1315 220 1364 bellis
229 1329 285 1376 quae
295 1317 451 1364 habebantur
466 1315 495 1361 ut
510 1314 604 1372 injusta
619 1315 769 1365 deciderunt
783 1315 897 1376 Episcopi
913 1316 1049 1376 deportati,
1068 1317 1179 1376 tempore

147 1382 317 1432 subversionis
325 1396 409 1430 rerum
419 1383 514 1430 Galliae.

177 1451 260 1510 ttecin
270 1451 336 1500 bello
343 1450 411 1509 justo
421 1451 540 1499 tenentur
553 1450 701 1510 restituere,
712 1451 733 1498 si
749 1451 884 1510 prohibitio
899 1451 999 1499 iurandi
1014 1451 1080 1499 lacte
1093 1451 1126 1500 sit
1139 1463 1180 1498 so-

147 1510 200 1564 ldm
214 1517 398 1568 adservantem
409 1518 574 1578 disciplinam,
581 1513 630 1565 n'on
638 1515 697 1565 sord
706 1519 735 1565 ut
745 1518 861 1564 domnum
869 1520 980 1565 nostibus
987 1529 1037 1564 non
1047 1518 1178 1565 inferatur.

149 1584 228 1632 Varii.
237 1579 297 1632 de
305 1597 354 1632 non
365 1581 444 1634 soldm
454 1585 592 1646 puniuntur
602 1586 679 1646 tures,
685 1585 729 1634 sed
739 1586 820 1634 ablata
825 1585 931 1634 reddere
943 1587 1072 1646 coguntur,
1081 1587 1178 1647 signnm

148 1651 197 1711 ost,
208 1651 268 1711 etc.,
280 1653 338 1700 sunt
348 1654 374 1701 et
383 1654 441 1701 alia.

178 1717 213 1782 (d)
224 1721 326 1782 Quoquo
335 1723 434 1770 nomine
445 1723 472 1769 hi
483 1722 621 1782 provisores
626 1721 758 1782 donentur,
768 1721 873 1782 peccant
884 1718 968 1770 contrl
977 1721 1178 1782 justitiam,cdm

147 1790 314 1849 monopolium
322 1791 425 1850 iaciunt,
437 1792 521 1838 texam
531 1791 672 1850 excedunt,
681 1791 757 1838 duces
765 1791 1125 1849 muneribusoimumveninnt,
1134 1791 1178 1836 aut

147 1858 311 1918 magistratus,
322 1860 352 1906 ut
362 1859 490 1908 fraudibus
500 1872 586 1908 eorum
596 1858 768 1918 consentiant,
778 1860 808 1906 ut
815 1859 912 1908 milites
921 1861 1009 1920 cogant
1017 1872 1100 1910 emere
1111 1858 1177 1920 apud

147 1937 191 1985 se,
202 1926 238 2042 uti
248 1938 366 1989 manum,
381 1928 448 1990 otu,
457 1929 548 1978 ¹viliori
568 1928 656 1978 taxent
670 1928 772 1989 pretio,
788 1927 833 1976 aut
848 1929 957 1990 privatos
977 1930 1129 1990 prohibeant
1144 1929 1176 1976 ab

148 2005 222 2042 emen
239 2009 263 2042 o.

177 2061 207 2108 iit
216 2057 273 2108 clim
283 2062 436 2122 disriornm,
447 2064 490 2112 ant
500 2062 667 2112 instructurum
677 2062 829 2124 inspectores
842 2062 1175 2122 :innumerosorum

148 2127 246 2176 fraudes
253 2141 303 2176 non
314 2129 444 2193 detegant3
539 2129 547 2146 '

177 2197 208 2245 nt
217 2191 274 2244 clun
287 2197 318 2245 ds
332 2198 442 2247 indebito
460 2199 595 2248 diariorum
605 2195 736 2263 (rotinus)
747 2209 917 2248 numerosum
932 2199 993 2248 belli
1004 2199 1109 2248 ducibus
1118 2209 1175 2248 con·

148 2259 268 2325 veniunt3
1031 2285 1034 2292 ·

178 2334 208 2382 st
216 2329 273 2382 edm
280 2335 469 2396 nonprovident
475 2338 613 2386 necesaria
623 2370 631 2398 ,
641 2339 683 2386 vel
694 2337 781 2387 vitiata
788 2332 817 2388 et
824 2338 897 2386 malae
905 2337 1006 2388 virtutis
1016 2336 1076 2386 dant
1085 2336 1174 2385 militi.-

149 2400 256 2518 butsaauit
263 2415 312 2519 ¹¹⁰ss
323 2404 406 2468 debito
416 2407 541 2470 tempore,
551 2403 618 2460 uude
627 2408 693 2460 lame
704 2409 730 2456 et
738 2407 838 2458 miserit
852 2408 1030 2462 coniiciuntur.
1042 2409 1070 2456 ut
1079 2406 1172 2456 dietum

149 2481 176 2518 es
214 2483 228 2519 e
253 2472 293 2519 uei
312 2485 350 2520 us.
936 2479 939 2486 ’

178 2539 238 2588 Nota
246 2552 255 2588 s
264 2541 331 2590 idem
339 2541 370 2592 de
379 2543 662 2595 thesaurisariismlllllae
672 2547 716 2607 qui
725 2546 821 2607 lingunt
830 2558 856 2595 se
866 2559 916 2595 uon
927 2546 1019 2595 habere
1029 2543 1175 2606 pecuniam,

148 2609 177 2656 ut
186 2620 290 2658 munera
297 2604 311 2659 l
319 2611 441 2661 militibus
451 2613 586 2676 acciplunt3
597 2615 745 2676 solutionem
755 2615 883 2678 differunt,
894 2612 1013 2666 ntmutud
1023 2613 1083 2662 dent
1092 2623 1171 2675 pecn-

149 2675 350 2743 ntamgubcmii3
361 2680 466 2733 utuntur
474 2682 577 2734 cambiis
584 2683 712 2744 usurariis,
724 2682 774 2736 eto·
