2932 4658
291 360 364 433 330
461 335 693 434 siffsexro
694 377 747 433 ιι
768 379 886 436 nono
908 383 1143 438 ermenero

329 451 374 536 Et
387 467 492 537 differt
505 464 545 534 ab
560 472 595 536 ed
609 491 677 561 quae
691 467 791 535 oritur
802 474 840 537 cn
852 470 984 538 naturali
998 472 1134 564 qutdam
1147 469 1318 542 dilectione

197 633 198 637 ,
288 551 429 629 honesta

329 655 469 724 Luxuria
481 654 543 723 alia
557 657 695 765 perfecte
713 681 781 748 quae
793 657 993 766 progreditur
1005 683 1104 752 usque
1089 659 1157 728 ad
1171 659 1314 733 ultimum

286 775 490 818 venerearum
507 749 694 832 ternrinum,
713 751 838 820 seminis
862 756 973 845 nemp'c
988 753 1186 839 cffirsionem,
1206 771 1236 824 et
1248 755 1311 824 alia

286 843 467 938 imperfecta
480 869 548 938 quae
562 849 651 914 antea
665 844 761 916 sistit

326 939 489 1032 Utraque,
512 938 616 1029 veleb
638 939 812 1047 periculum
836 941 1019 1048 consensus,
1044 963 1089 1010 ex
1107 951 1174 1010 toto
1197 964 1310 1033 genere

226 1043 232 1046 “
285 1056 341 1102 suo
353 1034 492 1103 mortalis
507 1049 572 1118 est,
588 1060 660 1101 cum
670 1033 786 1102 directe
801 1050 848 1102 est
860 1035 975 1104 intenta
984 1036 1035 1108 vel
1047 1036 1141 1104 volita
1154 1037 1188 1110 in
1200 1063 1234 1106 se
1248 1039 1305 1126 (c).

317 1203 352 1269 (a)
362 1206 410 1253 liii
421 1206 506 1254 dicam
518 1206 570 1254 lraee
589 1208 671 1256 omnia
682 1220 734 1256 esse
751 1207 802 1266 iem
812 1209 974 1268 pollutionem
984 1209 1131 1258 inchoatam.
1141 1209 1235 1270 Negant
1244 1209 1307 1270 alii,

284 1275 396 1334 quamvis
405 1275 452 1322 ista
466 1277 603 1334 supponant
619 1275 700 1323 levem
712 1289 745 1324 ex
755 1277 845 1324 lumbis
864 1278 1007 1326 descensum
1025 1279 1134 1326 humoris
1150 1278 1306 1338 spermatiei;

283 1343 342 1406 quia
352 1345 398 1396 boc
408 1341 478 1410 longe
486 1345 560 1393 distat
570 1340 584 1392 a
594 1347 730 1405 pollutione
738 1343 873 1406 completa,
890 1347 954 1406 sicut
962 1346 1073 1405 jurgium
1090 1359 1139 1394 non
1155 1351 1192 1396 est
1202 1347 1308 1396 homici-

284 1411 353 1460 dium
371 1413 520 1462 inchoatum.
532 1413 589 1460 Haec
609 1414 730 1461 sententia
739 1427 793 1474 quae
804 1415 841 1464 est
854 1415 931 1462 Collet
942 1415 967 1462 et
977 1415 1095 1475 blimart,
1108 1429 1157 1464 non
1170 1411 1257 1478 panim
1267 1417 1307 1464 iu-
1360 1446 1363 1456 ι

284 1482 360 1530 servit
370 1481 402 1530 ad
420 1483 529 1541 plurium
539 1493 640 1530 casuum
654 1483 823 1542 benigniorem
837 1483 999 1543 decisionem,
1010 1482 1146 1544 praesertim
1155 1484 1183 1532 in
1196 1485 1306 1536 materiis
1403 1531 1406 1538 ,

283 1549 362 1598 debiti
377 1549 520 1610 conjugalis.

314 1616 349 1682 (b)
360 1619 497 1668 Delectatio
507 1618 620 1677 organica
637 1613 744 1666 multirm
748 1617 905 1700 periculosa,
916 1619 937 1666 si
947 1631 996 1666 non
1006 1619 1039 1668 sit
1050 1620 1203 1668 brevissima.
1214 1621 1305 1669 Amor·

282 1686 328 1734 tali
337 1699 387 1734 non
397 1683 470 1734 facile
479 1699 535 1736 eam
546 1689 675 1735 excusaret
684 1679 800 1746 billuart,
811 1689 831 1734 si
843 1701 936 1736 morose
946 1688 988 1736 liat
989 1689 1056 1754 ‚quie
1067 1700 1124 1737 cum
1133 1688 1240 1739 reuered
1249 1702 1306 1739 cou-
1310 1725 1312 1728 -

283 1755 396 1803 brnditur
406 1755 506 1817 propter
520 1757 684 1814 sympathiam
693 1757 719 1802 et
729 1755 882 1804 affinitatem.

314 1819 345 1887 (c)
358 1823 436 1870 iliter
446 1819 600 1871 communius
610 1824 720 1872 sentiunt
736 1824 767 1870 de
777 1821 898 1871 indirecte
908 1821 1000 1881 veliti,
1016 1823 1045 1872 ut
1055 1807 1162 1874 vidimus
1172 1826 1202 1874 et
1208 1826 1305 1876 videbi

282 1889 446 1952 mus[l75].

312 1959 389 2010 Nota:
400 1957 536 2008 Delectatio
547 1959 650 2008 camalis
661 1971 705 2008 seu
720 1957 746 2006 in
756 1956 868 2024 appetitu
888 1956 1004 2004 sensitiva
1020 1957 1073 2005 orta
1089 1969 1121 2005 ex
1136 1959 1304 2018 applicatione

282 2025 368 2075 sensile
377 2028 408 2074 ad
418 2027 542 2086 obiectum
552 2024 704 2077 extraullam
715 2025 919 2074 commotionem
913 2015 1059 2085 inpartibus
1069 2027 1225 2086 genitalibus,
1237 2040 1306 2087 quaa·

281 2109 330 2178 que
341 2096 445 2145 sentitur
465 2098 629 2145 communiter
639 2099 704 2146 circa
713 2095 814 2157 pectus,
825 2106 881 2142 cum
891 2095 973 2154 atiquo
983 2095 1064 2142 calore
1075 2107 1103 2142 ac
1114 2095 1236 2142 amotione
1245 2107 1305 2145 seu-

279 2166 377 2225 guinis,
384 2161 457 2224 iusta
468 2177 638 2225 communem,
650 2167 744 2216 secluso
754 2164 864 2225 periculo
883 2160 1013 2212 consonatis
1023 2163 1048 2210 iu
1064 2163 1251 2211 delectationem
1260 2175 1305 2212 ve-

280 2245 395 2290 neream,
406 2245 455 2280 non
466 2233 564 2279 excedit
575 2235 672 2280 vernale
678 2233 815 2293 ‚inquitP.
833 2232 887 2278 Ant.
899 2226 1029 2297 tuentia
1023 2228 1176 2291 ,praesertim
1191 2233 1304 2290 respectu

281 2301 350 2346 illius
359 2300 402 2358 qui
413 2302 467 2356 post
477 2299 604 2356 quaesitam
615 2301 641 2346 et
652 2302 781 2348 admissam
801 2301 877 2348 talem
887 2300 1090 2359 delectationem,
1108 2312 1158 2347 non
1168 2300 1207 2347 est
1216 2311 1304 2359 exper-

280 2367 322 2412 tus
341 2366 481 2423 periculum
490 2365 661 2412 delectationis
670 2380 791 2414 venereae.
803 2368 850 2414 Sed
865 2368 956 2414 latetur
967 2369 1008 2415 bic
1019 2367 1174 2416 abbreviator
1183 2367 1244 2414 alios
1253 2378 1304 2416 nou

280 2443 372 2491 paucos
382 2433 446 2491 velle
456 2428 521 2491 qudd
530 2445 641 2492 quaerero
652 2435 677 2480 et
688 2431 822 2480 deliberate
831 2435 963 2482 admittere
972 2437 1048 2483 talem
1067 2435 1255 2483 delectationem
1271 2434 1303 2483 sit

206 2543 207 2550 ,
280 2501 395 2561 respectu
405 2501 514 2546 omnium
524 2497 653 2560 peccatum
664 2502 781 2558 mortale,
793 2502 850 2559 quia
862 2502 921 2560 ipsis
931 2515 980 2548 non
989 2503 1089 2551 videtur
1098 2503 1214 2563 possibile
1223 2498 1301 2562 quod,

281 2581 339 2616 cum
348 2569 392 2618 tali
406 2568 567 2615 delectatione
579 2568 688 2614 sensibili
698 2567 800 2626 quaesitt
818 2568 844 2614 et
854 2568 956 2615 admissa
967 2567 1101 2619 deliberate
1109 2603 1116 2628 ,
1125 2583 1174 2618 uon
1185 2571 1248 2618 adsit
1257 2581 1302 2630 pe-

281 2639 388 2690 ricnlum
398 2637 538 2700 proximum
548 2636 717 2686 delectationis
725 2647 846 2693 venereae,
857 2634 992 2694 praesertlm
1000 2638 1027 2684 in
1037 2639 1164 2691 animabus
1174 2639 1272 2700 tepidis.

311 2711 337 2758 Si
347 2710 428 2758 metus
438 2710 463 2756 et
482 2708 547 2755 calor
562 2705 641 2754 cerdis
651 2701 751 2753 veniant
762 2716 794 2751 ex
805 2704 924 2763 cogitatu,
936 2705 995 2764 ete,
1006 2707 1043 2752 rei
1057 2707 1088 2754 ad
1098 2719 1215 2755 venerem
1228 2707 1302 2767 perti-

281 2778 377 2838 nentis,
388 2777 445 2826 sunt
460 2777 589 2833 mortales,
607 2774 628 2822 si
642 2775 715 2822 liberi
725 2785 732 2831 3
744 2773 801 2832 qnia
813 2773 942 2820 includunt
953 2773 1067 2822 atiectum
1077 2775 1242 2824 adveneram.
1253 2776 1301 2823 Vo-

281 2847 363 2894 luntas
372 2847 440 2894 enim
449 2845 579 2893 admittens
588 2845 682 2894 motum
692 2842 759 2890 bunc
767 2841 847 2889 cordis
857 2842 1007 2901 sensibilem,
1022 2843 1068 2908 boc
1078 2843 1131 2904 ipso
1142 2843 1240 2892 videtur
1249 2854 1302 2894 rem

283 2916 361 2974 ipsam
369 2916 435 2969 circa
443 2925 517 2974 quam
527 2914 649 2969 versatur,
656 2923 747 2958 amare.
758 2910 831 2958 blotio
838 2910 1060 2973 euimcordisgrata
1066 2911 1198 2961 estanoris
1206 2911 1301 2973 danum

282 2983 309 3031 et
328 2983 437 3042 sequela.

311 3050 390 3100 Aliter
400 3043 456 3110 pide
465 3042 577 3098 mludsve
592 3047 680 3096 saltem
690 3045 833 3108 periculosi.

687 3313 845 3376 CAPUT
864 3314 897 3376 1.

529 3495 566 3528 Μ
581 3493 722 3531 nectaris
734 3489 870 3528 LUXUMAE
887 3487 1051 3522 PERFEC'M·

325 3618 450 3688 samm
462 3617 574 3691 horum
587 3637 656 3690 sunt
670 3617 800 3725 species,
825 3627 983 3710 peccatum
995 3616 1105 3709 nempe
1129 3615 1234 3684 contra
1245 3637 1297 3702 aa·

282 3730 399 3798 turam,
417 3715 596 3803 fornicatio,
619 3712 820 3798 adulterium,
837 3726 960 3805 raptus,
986 3727 1142 3798 sbtprum,
1165 3711 1296 3781 mestus

283 3824 314 3879 ct
330 3767 535 3904 sortilegium.
