<?xml version="1.0" encoding="UTF-8"?>
<!DOCTYPE html PUBLIC "-//W3C//DTD XHTML 1.0 Transitional//EN"
    "http://www.w3.org/TR/xhtml1/DTD/xhtml1-transitional.dtd">
<html xmlns="http://www.w3.org/1999/xhtml" xml:lang="en" lang="en">
 <head>
  <title>
</title>
<meta http-equiv="Content-Type" content="text/html;charset=utf-8" />
  <meta name='ocr-system' content='tesseract 3.04.00' />
  <meta name='ocr-capabilities' content='ocr_page ocr_carea ocr_par ocr_line ocrx_word'/>
</head>
<body>
  <div class='ocr_page' id='page_1' title='image "./theologiapracti00verngoog_0332.png"; bbox 0 0 2932 4658; ppageno 0'>
   <div class='ocr_carea' id='block_1_1' title="bbox 141 799 146 846">
    <p class='ocr_par' dir='ltr' id='par_1_1' title="bbox 141 799 146 846">
     <span class='ocr_line' id='line_1_1' title="bbox 141 799 146 846; baseline 0 0"><span class='ocrx_word' id='word_1_1' title='bbox 141 799 146 846; x_wconf 86' lang='lat' dir='ltr'>t</span> 
     </span>
    </p>
   </div>
   <div class='ocr_carea' id='block_1_2' title="bbox 458 319 933 382">
    <p class='ocr_par' dir='ltr' id='par_1_2' title="bbox 458 319 933 382">
     <span class='ocr_line' id='line_1_2' title="bbox 458 319 933 382; baseline -0.021 0"><span class='ocrx_word' id='word_1_2' title='bbox 458 375 461 382; x_wconf 80' lang='grc'>,</span> <span class='ocrx_word' id='word_1_3' title='bbox 551 319 787 377; x_wconf 68' lang='lat' dir='ltr'>undisoni.</span> <span class='ocrx_word' id='word_1_4' title='bbox 865 339 870 347; x_wconf 63' lang='lat'><strong><em>¹</em></strong></span> <span class='ocrx_word' id='word_1_5' title='bbox 924 337 933 345; x_wconf 65' lang='grc'><strong><em>“</em></strong></span> 
     </span>
    </p>
   </div>
   <div class='ocr_carea' id='block_1_3' title="bbox 440 592 912 664">
    <p class='ocr_par' dir='ltr' id='par_1_3' title="bbox 440 592 912 664">
     <span class='ocr_line' id='line_1_3' title="bbox 440 592 912 664; baseline -0.004 0"><span class='ocrx_word' id='word_1_6' title='bbox 440 592 846 664; x_wconf 67' lang='lat' dir='ltr'>annuntientur!</span> <span class='ocrx_word' id='word_1_7' title='bbox 867 597 912 662; x_wconf 84' lang='lat' dir='ltr'>V.</span> 
     </span>
    </p>
   </div>
   <div class='ocr_carea' id='block_1_4' title="bbox 301 763 1051 884">
    <p class='ocr_par' dir='ltr' id='par_1_4' title="bbox 301 763 1051 884">
     <span class='ocr_line' id='line_1_4' title="bbox 301 763 1051 884; baseline 0.003 -66"><span class='ocrx_word' id='word_1_8' title='bbox 301 767 341 818; x_wconf 85' lang='lat' dir='ltr'>De</span> <span class='ocrx_word' id='word_1_9' title='bbox 351 764 430 830; x_wconf 67' lang='grc' dir='ltr'>ιιιιιιι</span> <span class='ocrx_word' id='word_1_10' title='bbox 444 768 636 884; x_wconf 81' lang='lat' dir='ltr'>perdeulmibus</span> <span class='ocrx_word' id='word_1_11' title='bbox 644 768 791 838; x_wconf 79' lang='lat' dir='ltr'>militariam</span> <span class='ocrx_word' id='word_1_12' title='bbox 801 767 890 818; x_wconf 74' lang='lat' dir='ltr'>uidetis</span> <span class='ocrx_word' id='word_1_13' title='bbox 899 769 926 818; x_wconf 84' lang='lat' dir='ltr'>et</span> <span class='ocrx_word' id='word_1_14' title='bbox 933 763 1051 832; x_wconf 59' lang='lat' dir='ltr'>wanda</span> 
     </span>
    </p>
   </div>
   <div class='ocr_carea' id='block_1_5' title="bbox 159 871 1268 1500">
    <p class='ocr_par' dir='ltr' id='par_1_5' title="bbox 163 871 1268 1218">
     <span class='ocr_line' id='line_1_5' title="bbox 206 871 1268 1026; baseline 0.003 -27"><span class='ocrx_word' id='word_1_15' title='bbox 206 933 280 1011; x_wconf 73' lang='lat'>348.</span> <span class='ocrx_word' id='word_1_16' title='bbox 297 931 336 1000; x_wconf 92' lang='lat' dir='ltr'>In</span> <span class='ocrx_word' id='word_1_17' title='bbox 349 957 462 1022; x_wconf 81' lang='lat' dir='ltr'>genere</span> <span class='ocrx_word' id='word_1_18' title='bbox 487 941 618 1025; x_wconf 85' lang='lat' dir='ltr'>peccant</span> <span class='ocrx_word' id='word_1_19' title='bbox 639 931 813 1000; x_wconf 76' lang='lat' dir='ltr'>mortaliter</span> <span class='ocrx_word' id='word_1_20' title='bbox 833 931 887 1026; x_wconf 91' lang='lat' dir='ltr'>qui</span> <span class='ocrx_word' id='word_1_21' title='bbox 906 931 984 1022; x_wconf 72' lang='lat' dir='ltr'>Jussr</span> <span class='ocrx_word' id='word_1_22' title='bbox 972 871 1138 1000; x_wconf 76' lang='lat' dir='ltr'><strong>&#39;inscribi</strong></span> <span class='ocrx_word' id='word_1_23' title='bbox 1145 929 1207 1002; x_wconf 80' lang='lat' dir='ltr'>ad.</span> <span class='ocrx_word' id='word_1_24' title='bbox 1264 1013 1268 1018; x_wconf 88' lang='lat'><em>.</em></span> 
     </span>
     <span class='ocr_line' id='line_1_6' title="bbox 163 1026 1188 1138; baseline 0 -42"><span class='ocrx_word' id='word_1_25' title='bbox 163 1026 299 1111; x_wconf 84' lang='lat' dir='ltr'>bellum,</span> <span class='ocrx_word' id='word_1_26' title='bbox 313 1044 464 1107; x_wconf 81' lang='lat' dir='ltr'>renuunt;</span> <span class='ocrx_word' id='word_1_27' title='bbox 481 1029 612 1136; x_wconf 78' lang='lat' dir='ltr'>autjtm</span> <span class='ocrx_word' id='word_1_28' title='bbox 632 1028 776 1138; x_wconf 84' lang='lat' dir='ltr'>inscripti</span> <span class='ocrx_word' id='word_1_29' title='bbox 791 1029 909 1098; x_wconf 80' lang='lat' dir='ltr'>bellare</span> <span class='ocrx_word' id='word_1_30' title='bbox 935 1043 1077 1098; x_wconf 86' lang='lat' dir='ltr'>recusant</span> <span class='ocrx_word' id='word_1_31' title='bbox 1090 1027 1188 1121; x_wconf 87' lang='lat' dir='ltr'>,quia</span> 
     </span>
     <span class='ocr_line' id='line_1_7' title="bbox 163 1120 958 1232; baseline 0.005 -44"><span class='ocrx_word' id='word_1_32' title='bbox 163 1120 197 1188; x_wconf 92' lang='lat' dir='ltr'>in</span> <span class='ocrx_word' id='word_1_33' title='bbox 210 1147 244 1188; x_wconf 91' lang='lat' dir='ltr'>re</span> <span class='ocrx_word' id='word_1_34' title='bbox 260 1123 349 1214; x_wconf 79' lang='lat' dir='ltr'>gravi</span> <span class='ocrx_word' id='word_1_35' title='bbox 362 1137 432 1190; x_wconf 90' lang='lat' dir='ltr'>sunt</span> <span class='ocrx_word' id='word_1_36' title='bbox 454 1126 528 1213; x_wconf 72' lang='lat' dir='ltr'>erga</span> <span class='ocrx_word' id='word_1_37' title='bbox 541 1123 716 1232; x_wconf 86' lang='lat' dir='ltr'><strong>principem</strong></span> <span class='ocrx_word' id='word_1_38' title='bbox 726 1124 958 1208; x_wconf 83' lang='lat' dir='ltr'>inobedientes,</span> 
     </span>
    </p>

    <p class='ocr_par' dir='ltr' id='par_1_6' title="bbox 201 1213 996 1310">
     <span class='ocr_line' id='line_1_8' title="bbox 201 1213 996 1310; baseline -0.001 -24"><span class='ocrx_word' id='word_1_39' title='bbox 201 1213 277 1286; x_wconf 91' lang='lat' dir='ltr'>Nisi</span> <span class='ocrx_word' id='word_1_40' title='bbox 289 1233 396 1286; x_wconf 89' lang='lat' dir='ltr'>tamen</span> <span class='ocrx_word' id='word_1_41' title='bbox 410 1216 529 1286; x_wconf 83' lang='lat' dir='ltr'>bellum</span> <span class='ocrx_word' id='word_1_42' title='bbox 544 1220 585 1286; x_wconf 88' lang='lat' dir='ltr'>sit</span> <span class='ocrx_word' id='word_1_43' title='bbox 601 1219 784 1298; x_wconf 85' lang='lat' dir='ltr'>evidenter</span> <span class='ocrx_word' id='word_1_44' title='bbox 774 1221 921 1310; x_wconf 82' lang='lat' dir='ltr'>injustum</span> <span class='ocrx_word' id='word_1_45' title='bbox 935 1220 996 1305; x_wconf 86' lang='grc' dir='ltr'>(α).</span> 
     </span>
    </p>

    <p class='ocr_par' dir='ltr' id='par_1_7' title="bbox 159 1309 1189 1500">
     <span class='ocr_line' id='line_1_9' title="bbox 201 1309 1189 1406; baseline 0.005 -29"><span class='ocrx_word' id='word_1_46' title='bbox 201 1309 308 1380; x_wconf 88' lang='lat' dir='ltr'>Duces</span> <span class='ocrx_word' id='word_1_47' title='bbox 323 1312 412 1394; x_wconf 83' lang='lat' dir='ltr'>belli,</span> <span class='ocrx_word' id='word_1_48' title='bbox 426 1312 521 1380; x_wconf 89' lang='lat' dir='ltr'>etiam</span> <span class='ocrx_word' id='word_1_49' title='bbox 534 1313 715 1394; x_wconf 86' lang='lat' dir='ltr'>subalterni,</span> <span class='ocrx_word' id='word_1_50' title='bbox 727 1313 1189 1422; x_wconf 76' lang='lat' dir='ltr'>inmultispeccarepossamtct</span> 
     </span>
     <span class='ocr_line' id='line_1_10' title="bbox 159 1403 1041 1500; baseline 0.002 -28"><span class='ocrx_word' id='word_1_51' title='bbox 159 1403 295 1499; x_wconf 82' lang='lat' dir='ltr'>quidem</span> <span class='ocrx_word' id='word_1_52' title='bbox 310 1405 495 1497; x_wconf 77' lang='lat' dir='ltr'>gravissime</span> <span class='ocrx_word' id='word_1_53' title='bbox 510 1406 683 1500; x_wconf 80' lang='lat' dir='ltr'>saepiiisque</span> <span class='ocrx_word' id='word_1_54' title='bbox 698 1407 832 1475; x_wconf 78' lang='grc' dir='ltr'>ιοιιιιι</span> <span class='ocrx_word' id='word_1_55' title='bbox 820 1407 970 1497; x_wconf 76' lang='lat' dir='ltr'>Justitiam</span> <span class='ocrx_word' id='word_1_56' title='bbox 981 1409 1041 1494; x_wconf 87' lang='lat' dir='ltr'>(b).</span> 
     </span>
    </p>
   </div>
   <div class='ocr_carea' id='block_1_6' title="bbox 200 1500 1054 1706">
    <p class='ocr_par' dir='ltr' id='par_1_8' title="bbox 200 1500 1039 1694">
     <span class='ocr_line' id='line_1_11' title="bbox 200 1500 485 1587; baseline 0.004 -20"><span class='ocrx_word' id='word_1_57' title='bbox 200 1500 282 1567; x_wconf 90' lang='lat' dir='ltr'>ltem</span> <span class='ocrx_word' id='word_1_58' title='bbox 295 1500 409 1569; x_wconf 79' lang='lat' dir='ltr'>milites</span> <span class='ocrx_word' id='word_1_59' title='bbox 427 1503 485 1587; x_wconf 80' lang='lat' dir='ltr'>(a),</span> 
     </span>
     <span class='ocr_line' id='line_1_12' title="bbox 201 1593 1054 1706; baseline 0.001 -45.001"><span class='ocrx_word' id='word_1_60' title='bbox 201 1593 246 1661; x_wconf 89' lang='lat' dir='ltr'>Et</span> <span class='ocrx_word' id='word_1_61' title='bbox 258 1596 437 1692; x_wconf 86' lang='lat' dir='ltr'>provisores</span> <span class='ocrx_word' id='word_1_62' title='bbox 451 1621 556 1706; x_wconf 87' lang='lat' dir='ltr'>rerum</span> <span class='ocrx_word' id='word_1_63' title='bbox 567 1595 608 1665; x_wconf 87' lang='lat' dir='ltr'>ad</span> <span class='ocrx_word' id='word_1_64' title='bbox 617 1596 763 1667; x_wconf 88' lang='lat' dir='ltr'>militram</span> <span class='ocrx_word' id='word_1_65' title='bbox 773 1595 976 1694; x_wconf 77' lang='lat' dir='ltr'>spectantium</span> <span class='ocrx_word' id='word_1_66' title='bbox 990 1595 1054 1682; x_wconf 84' lang='lat' dir='ltr'>(d).</span> 
     </span>
    </p>
   </div>
   <div class='ocr_carea' id='block_1_7' title="bbox 159 1773 1187 1910">
    <p class='ocr_par' dir='ltr' id='par_1_9' title="bbox 159 1773 1187 1910">
     <span class='ocr_line' id='line_1_13' title="bbox 193 1773 1187 1840; baseline 0.002 -16"><span class='ocrx_word' id='word_1_67' title='bbox 193 1773 231 1838; x_wconf 89' lang='lat' dir='ltr'>(a)</span> <span class='ocrx_word' id='word_1_68' title='bbox 241 1776 329 1835; x_wconf 85' lang='lat' dir='ltr'>Qualia</span> <span class='ocrx_word' id='word_1_69' title='bbox 341 1777 465 1825; x_wconf 84' lang='lat' dir='ltr'>habentur</span> <span class='ocrx_word' id='word_1_70' title='bbox 474 1777 639 1828; x_wconf 84' lang='lat' dir='ltr'>communiter</span> <span class='ocrx_word' id='word_1_71' title='bbox 648 1791 703 1840; x_wconf 80' lang='lat' dir='ltr'>quae</span> <span class='ocrx_word' id='word_1_72' title='bbox 716 1777 748 1826; x_wconf 88' lang='lat' dir='ltr'>ab</span> <span class='ocrx_word' id='word_1_73' title='bbox 762 1777 838 1828; x_wconf 89' lang='lat' dir='ltr'>initio</span> <span class='ocrx_word' id='word_1_74' title='bbox 841 1775 903 1826; x_wconf 89' lang='lat' dir='ltr'>belli</span> <span class='ocrx_word' id='word_1_75' title='bbox 916 1775 1037 1840; x_wconf 79' lang='lat' dir='ltr'>hispanici</span> <span class='ocrx_word' id='word_1_76' title='bbox 1048 1775 1080 1826; x_wconf 85' lang='lat' dir='ltr'>ed</span> <span class='ocrx_word' id='word_1_77' title='bbox 1088 1773 1187 1826; x_wconf 84' lang='lat' dir='ltr'>abdica·</span> 
     </span>
     <span class='ocr_line' id='line_1_14' title="bbox 159 1839 1187 1910; baseline 0.005 -19"><span class='ocrx_word' id='word_1_78' title='bbox 159 1844 252 1892; x_wconf 86' lang='lat' dir='ltr'>tionem</span> <span class='ocrx_word' id='word_1_79' title='bbox 261 1839 439 1908; x_wconf 84' lang='lat' dir='ltr'>Napoleouis,</span> <span class='ocrx_word' id='word_1_80' title='bbox 431 1859 446 1894; x_wconf 84' lang='lat' dir='ltr'>a</span> <span class='ocrx_word' id='word_1_81' title='bbox 456 1846 532 1894; x_wconf 83' lang='lat' dir='ltr'>Gallis</span> <span class='ocrx_word' id='word_1_82' title='bbox 549 1847 616 1895; x_wconf 81' lang='lat' dir='ltr'>mota</span> <span class='ocrx_word' id='word_1_83' title='bbox 624 1845 691 1908; x_wconf 82' lang='lat' dir='ltr'>eunt,</span> <span class='ocrx_word' id='word_1_84' title='bbox 700 1847 727 1896; x_wconf 88' lang='grc' dir='ltr'>ιι</span> <span class='ocrx_word' id='word_1_85' title='bbox 737 1848 818 1896; x_wconf 88' lang='lat' dir='ltr'>lorsan</span> <span class='ocrx_word' id='word_1_86' title='bbox 828 1845 880 1908; x_wconf 78' lang='lat' dir='ltr'>lem</span> <span class='ocrx_word' id='word_1_87' title='bbox 895 1845 977 1910; x_wconf 75' lang='lat' dir='ltr'>aliqua</span> <span class='ocrx_word' id='word_1_88' title='bbox 988 1841 1069 1897; x_wconf 74' lang='lat' dir='ltr'>antei.</span> <span class='ocrx_word' id='word_1_89' title='bbox 1079 1849 1112 1898; x_wconf 98' lang='lat' dir='ltr'>D.</span> <span class='ocrx_word' id='word_1_90' title='bbox 1121 1851 1187 1896; x_wconf 86' lang='lat' dir='ltr'>Bou</span> 
     </span>
    </p>
   </div>
   <div class='ocr_carea' id='block_1_8' title="bbox 158 1928 1188 2109">
    <p class='ocr_par' dir='ltr' id='par_1_10' title="bbox 158 1928 1188 2109">
     <span class='ocr_line' id='line_1_15' title="bbox 158 1928 1188 2043; baseline -0.001 -11"><span class='ocrx_word' id='word_1_91' title='bbox 158 1928 235 2032; x_wconf 57' lang='grc' dir='ltr'>Μιιι</span> <span class='ocrx_word' id='word_1_92' title='bbox 247 1983 399 2032; x_wconf 85' lang='lat' dir='ltr'>tenentume</span> <span class='ocrx_word' id='word_1_93' title='bbox 410 1981 542 2032; x_wconf 79' lang='lat' dir='ltr'>restituere</span> <span class='ocrx_word' id='word_1_94' title='bbox 551 1984 595 2043; x_wconf 82' lang='lat' dir='ltr'>qui</span> <span class='ocrx_word' id='word_1_95' title='bbox 605 1984 632 2032; x_wconf 89' lang='lat' dir='ltr'>iu</span> <span class='ocrx_word' id='word_1_96' title='bbox 646 1983 713 2031; x_wconf 90' lang='lat' dir='ltr'>bello</span> <span class='ocrx_word' id='word_1_97' title='bbox 723 1997 774 2032; x_wconf 91' lang='lat' dir='ltr'>non</span> <span class='ocrx_word' id='word_1_98' title='bbox 784 1985 913 2032; x_wconf 77' lang='lat' dir='ltr'>evidenter</span> <span class='ocrx_word' id='word_1_99' title='bbox 928 1983 1019 2042; x_wconf 77' lang='lat' dir='ltr'>tntusto</span> <span class='ocrx_word' id='word_1_100' title='bbox 1033 1983 1135 2042; x_wconf 84' lang='lat' dir='ltr'>inscribi</span> <span class='ocrx_word' id='word_1_101' title='bbox 1147 1997 1188 2032; x_wconf 85' lang='lat' dir='ltr'>re-</span> 
     </span>
     <span class='ocr_line' id='line_1_16' title="bbox 158 2050 1188 2109; baseline -0.002 -9"><span class='ocrx_word' id='word_1_102' title='bbox 158 2053 255 2109; x_wconf 77' lang='lat' dir='ltr'>nuunt,</span> <span class='ocrx_word' id='word_1_103' title='bbox 265 2051 309 2098; x_wconf 88' lang='lat' dir='ltr'>aut</span> <span class='ocrx_word' id='word_1_104' title='bbox 319 2051 433 2109; x_wconf 87' lang='lat' dir='ltr'>inscripti</span> <span class='ocrx_word' id='word_1_105' title='bbox 444 2050 559 2109; x_wconf 68' lang='lat' dir='ltr'>fugiunt?</span> <span class='ocrx_word' id='word_1_106' title='bbox 569 2051 681 2098; x_wconf 73' lang='lat' dir='ltr'>affirmat</span> <span class='ocrx_word' id='word_1_107' title='bbox 698 2053 760 2098; x_wconf 80' lang='lat' dir='ltr'>coll.</span> <span class='ocrx_word' id='word_1_108' title='bbox 773 2051 831 2098; x_wconf 78' lang='lat' dir='ltr'>Ant.</span> <span class='ocrx_word' id='word_1_109' title='bbox 848 2051 910 2098; x_wconf 88' lang='lat' dir='ltr'>Sunt</span> <span class='ocrx_word' id='word_1_110' title='bbox 921 2051 988 2101; x_wconf 88' lang='lat' dir='ltr'>enlm</span> <span class='ocrx_word' id='word_1_111' title='bbox 1004 2063 1077 2096; x_wconf 86' lang='lat' dir='ltr'>eausa</span> <span class='ocrx_word' id='word_1_112' title='bbox 1096 2051 1188 2109; x_wconf 80' lang='lat' dir='ltr'>injusta</span> 
     </span>
    </p>
   </div>
   <div class='ocr_carea' id='block_1_9' title="bbox 144 2117 1187 2178">
    <p class='ocr_par' dir='ltr' id='par_1_11' title="bbox 144 2117 1187 2178">
     <span class='ocr_line' id='line_1_17' title="bbox 144 2117 1187 2178; baseline 0 -12"><span class='ocrx_word' id='word_1_113' title='bbox 144 2121 147 2127; x_wconf 90' lang='lat'>&#39;</span> <span class='ocrx_word' id='word_1_114' title='bbox 158 2131 205 2166; x_wconf 90' lang='lat' dir='ltr'>eur</span> <span class='ocrx_word' id='word_1_115' title='bbox 212 2118 256 2164; x_wconf 90' lang='lat' dir='ltr'>alii</span> <span class='ocrx_word' id='word_1_116' title='bbox 264 2119 318 2166; x_wconf 81' lang='lat' dir='ltr'>loeo</span> <span class='ocrx_word' id='word_1_117' title='bbox 329 2118 439 2176; x_wconf 85' lang='lat' dir='ltr'>ipsorum</span> <span class='ocrx_word' id='word_1_118' title='bbox 449 2117 563 2178; x_wconf 86' lang='lat' dir='ltr'>inscripti</span> <span class='ocrx_word' id='word_1_119' title='bbox 572 2119 621 2164; x_wconf 85' lang='lat' dir='ltr'>siut</span> <span class='ocrx_word' id='word_1_120' title='bbox 626 2119 669 2166; x_wconf 88' lang='lat' dir='ltr'>aut</span> <span class='ocrx_word' id='word_1_121' title='bbox 679 2118 800 2176; x_wconf 85' lang='lat' dir='ltr'>proticisci</span> <span class='ocrx_word' id='word_1_122' title='bbox 812 2117 900 2178; x_wconf 84' lang='lat' dir='ltr'>eoacti,</span> <span class='ocrx_word' id='word_1_123' title='bbox 910 2129 967 2164; x_wconf 89' lang='lat' dir='ltr'>nam</span> <span class='ocrx_word' id='word_1_124' title='bbox 978 2118 1105 2178; x_wconf 84' lang='lat' dir='ltr'>inscriptio</span> <span class='ocrx_word' id='word_1_125' title='bbox 1116 2119 1187 2166; x_wconf 86' lang='lat' dir='ltr'>vide·</span> 
     </span>
    </p>
   </div>
   <div class='ocr_carea' id='block_1_10' title="bbox 156 2183 1189 3888">
    <p class='ocr_par' dir='ltr' id='par_1_12' title="bbox 158 2183 1189 2372">
     <span class='ocr_line' id='line_1_18' title="bbox 158 2183 1189 2252; baseline -0.001 -16"><span class='ocrx_word' id='word_1_126' title='bbox 158 2186 201 2236; x_wconf 88' lang='lat' dir='ltr'>tur</span> <span class='ocrx_word' id='word_1_127' title='bbox 210 2186 280 2246; x_wconf 82' lang='lat' dir='ltr'>quasi</span> <span class='ocrx_word' id='word_1_128' title='bbox 291 2186 414 2235; x_wconf 86' lang='lat' dir='ltr'>tributum</span> <span class='ocrx_word' id='word_1_129' title='bbox 428 2186 571 2248; x_wconf 84' lang='lat' dir='ltr'>personale,</span> <span class='ocrx_word' id='word_1_130' title='bbox 583 2197 629 2246; x_wconf 91' lang='lat' dir='ltr'>per</span> <span class='ocrx_word' id='word_1_131' title='bbox 643 2186 734 2232; x_wconf 83' lang='lat' dir='ltr'>sortem</span> <span class='ocrx_word' id='word_1_132' title='bbox 754 2183 922 2234; x_wconf 86' lang='lat' dir='ltr'>distributum.</span> <span class='ocrx_word' id='word_1_133' title='bbox 934 2184 981 2242; x_wconf 84' lang='lat' dir='ltr'>Qui</span> <span class='ocrx_word' id='word_1_134' title='bbox 993 2185 1075 2232; x_wconf 89' lang='lat' dir='ltr'>autem</span> <span class='ocrx_word' id='word_1_135' title='bbox 1094 2185 1189 2252; x_wconf 46' lang='lat' dir='ltr'>tribula¹</span> 
     </span>
     <span class='ocr_line' id='line_1_19' title="bbox 161 2251 1189 2337; baseline 0.005 -36"><span class='ocrx_word' id='word_1_136' title='bbox 161 2253 209 2301; x_wconf 84' lang='lat' dir='ltr'>sibi</span> <span class='ocrx_word' id='word_1_137' title='bbox 221 2255 379 2302; x_wconf 80' lang='lat' dir='ltr'>advenientia</span> <span class='ocrx_word' id='word_1_138' title='bbox 388 2267 438 2302; x_wconf 89' lang='lat' dir='ltr'>non</span> <span class='ocrx_word' id='word_1_139' title='bbox 448 2254 564 2312; x_wconf 88' lang='lat' dir='ltr'>solvunt,</span> <span class='ocrx_word' id='word_1_140' title='bbox 575 2254 682 2314; x_wconf 86' lang='lat' dir='ltr'>suntque</span> <span class='ocrx_word' id='word_1_141' title='bbox 694 2265 766 2310; x_wconf 82' lang='lat' dir='ltr'>eausa</span> <span class='ocrx_word' id='word_1_142' title='bbox 778 2267 823 2303; x_wconf 86' lang='lat' dir='ltr'>cur</span> <span class='ocrx_word' id='word_1_143' title='bbox 832 2253 878 2304; x_wconf 83' lang='lat' dir='ltr'>ulit</span> <span class='ocrx_word' id='word_1_144' title='bbox 886 2251 963 2314; x_wconf 74' lang='lat' dir='ltr'>magis</span> <span class='ocrx_word' id='word_1_145' title='bbox 973 2255 1119 2316; x_wconf 71' lang='lat' dir='ltr'>graventur,</span> <span class='ocrx_word' id='word_1_146' title='bbox 1131 2251 1189 2337; x_wconf 63' lang='lat' dir='ltr'>erpi¹</span> 
     </span>
     <span class='ocr_line' id='line_1_20' title="bbox 158 2323 478 2372; baseline -0.006 0"><span class='ocrx_word' id='word_1_147' title='bbox 158 2323 478 2372; x_wconf 82' lang='lat' dir='ltr'>eosrestituereteuentur.</span> 
     </span>
    </p>

    <p class='ocr_par' dir='ltr' id='par_1_13' title="bbox 156 2387 1186 2793">
     <span class='ocr_line' id='line_1_21' title="bbox 188 2387 1186 2452; baseline 0.003 -14"><span class='ocrx_word' id='word_1_148' title='bbox 188 2392 238 2439; x_wconf 87' lang='lat' dir='ltr'>Nee</span> <span class='ocrx_word' id='word_1_149' title='bbox 247 2391 329 2440; x_wconf 87' lang='lat' dir='ltr'>movet</span> <span class='ocrx_word' id='word_1_150' title='bbox 339 2391 401 2438; x_wconf 82' lang='lat' dir='ltr'>ratio</span> <span class='ocrx_word' id='word_1_151' title='bbox 412 2392 441 2438; x_wconf 89' lang='lat' dir='ltr'><em>D</em></span> <span class='ocrx_word' id='word_1_152' title='bbox 453 2391 574 2452; x_wconf 81' lang='lat' dir='ltr'>bouvier,</span> <span class='ocrx_word' id='word_1_153' title='bbox 584 2389 692 2452; x_wconf 71' lang='lat' dir='ltr'>theologi</span> <span class='ocrx_word' id='word_1_154' title='bbox 708 2391 910 2451; x_wconf 83' lang='lat' dir='ltr'>Cenomanensis,</span> <span class='ocrx_word' id='word_1_155' title='bbox 929 2387 1077 2440; x_wconf 86' lang='lat' dir='ltr'>sententiam</span> <span class='ocrx_word' id='word_1_156' title='bbox 1089 2392 1186 2441; x_wconf 84' lang='lat' dir='ltr'>eontra·</span> 
     </span>
     <span class='ocr_line' id='line_1_22' title="bbox 158 2455 1186 2540; baseline 0.004 -34"><span class='ocrx_word' id='word_1_157' title='bbox 158 2459 221 2506; x_wconf 86' lang='lat' dir='ltr'>riam</span> <span class='ocrx_word' id='word_1_158' title='bbox 232 2459 378 2520; x_wconf 86' lang='lat' dir='ltr'>adoptantis,</span> <span class='ocrx_word' id='word_1_159' title='bbox 390 2472 447 2506; x_wconf 90' lang='lat' dir='ltr'>eum</span> <span class='ocrx_word' id='word_1_160' title='bbox 456 2455 544 2519; x_wconf 78' lang='lat' dir='ltr'>nempe</span> <span class='ocrx_word' id='word_1_161' title='bbox 556 2461 599 2520; x_wconf 90' lang='lat' dir='ltr'>qul</span> <span class='ocrx_word' id='word_1_162' title='bbox 611 2456 727 2519; x_wconf 73' lang='lat' dir='ltr'>fugientis</span> <span class='ocrx_word' id='word_1_163' title='bbox 745 2459 799 2507; x_wconf 89' lang='lat' dir='ltr'>loeo</span> <span class='ocrx_word' id='word_1_164' title='bbox 812 2460 991 2520; x_wconf 84' lang='lat' dir='ltr'>proficiscitur&#39;</span> <span class='ocrx_word' id='word_1_165' title='bbox 983 2473 1023 2540; x_wconf 77' lang='lat' dir='ltr'>Jus</span> <span class='ocrx_word' id='word_1_166' title='bbox 1033 2473 1082 2509; x_wconf 88' lang='lat' dir='ltr'>non</span> <span class='ocrx_word' id='word_1_167' title='bbox 1093 2459 1186 2510; x_wconf 86' lang='lat' dir='ltr'>babere</span> 
     </span>
     <span class='ocr_line' id='line_1_23' title="bbox 158 2527 1185 2590; baseline 0 -14"><span class='ocrx_word' id='word_1_168' title='bbox 158 2530 187 2576; x_wconf 89' lang='lat' dir='ltr'>ut</span> <span class='ocrx_word' id='word_1_169' title='bbox 197 2528 261 2578; x_wconf 84' lang='lat' dir='ltr'>alter</span> <span class='ocrx_word' id='word_1_170' title='bbox 270 2527 469 2590; x_wconf 83' lang='lat' dir='ltr'>proficiscatur,</span> <span class='ocrx_word' id='word_1_171' title='bbox 460 2541 502 2588; x_wconf 74' lang='grc' dir='ltr'>ιιι</span> <span class='ocrx_word' id='word_1_172' title='bbox 510 2530 577 2578; x_wconf 88' lang='lat' dir='ltr'>enim</span> <span class='ocrx_word' id='word_1_173' title='bbox 585 2529 649 2578; x_wconf 89' lang='lat' dir='ltr'>illud</span> <span class='ocrx_word' id='word_1_174' title='bbox 660 2528 736 2576; x_wconf 88' lang='lat' dir='ltr'>habet</span> <span class='ocrx_word' id='word_1_175' title='bbox 747 2528 892 2578; x_wconf 80' lang='grc' dir='ltr'>ιιιιιιιιιιιιιι</span> <span class='ocrx_word' id='word_1_176' title='bbox 885 2542 913 2579; x_wconf 87' lang='grc' dir='ltr'>ιιι</span> <span class='ocrx_word' id='word_1_177' title='bbox 921 2527 1016 2587; x_wconf 80' lang='lat' dir='ltr'>justitia</span> <span class='ocrx_word' id='word_1_178' title='bbox 1028 2527 1185 2576; x_wconf 76' lang='lat' dir='ltr'>distributiva</span> 
     </span>
     <span class='ocr_line' id='line_1_24' title="bbox 157 2593 1184 2660; baseline 0 -16"><span class='ocrx_word' id='word_1_179' title='bbox 157 2610 212 2658; x_wconf 82' lang='lat' dir='ltr'>quae</span> <span class='ocrx_word' id='word_1_180' title='bbox 223 2593 264 2645; x_wconf 87' lang='lat' dir='ltr'>hic</span> <span class='ocrx_word' id='word_1_181' title='bbox 274 2597 305 2644; x_wconf 87' lang='lat' dir='ltr'>ad</span> <span class='ocrx_word' id='word_1_182' title='bbox 314 2598 514 2650; x_wconf 86' lang='lat' dir='ltr'>commutativam</span> <span class='ocrx_word' id='word_1_183' title='bbox 523 2598 667 2656; x_wconf 86' lang='lat' dir='ltr'>reducitur,</span> <span class='ocrx_word' id='word_1_184' title='bbox 678 2599 718 2645; x_wconf 88' lang='grc' dir='ltr'>ιι</span> <span class='ocrx_word' id='word_1_185' title='bbox 712 2611 737 2644; x_wconf 90' lang='lat' dir='ltr'>rn</span> <span class='ocrx_word' id='word_1_186' title='bbox 748 2598 820 2657; x_wconf 86' lang='lat' dir='ltr'>paeto</span> <span class='ocrx_word' id='word_1_187' title='bbox 835 2597 956 2660; x_wconf 87' lang='lat' dir='ltr'>implicito</span> <span class='ocrx_word' id='word_1_188' title='bbox 967 2597 1032 2644; x_wconf 89' lang='lat' dir='ltr'>inter</span> <span class='ocrx_word' id='word_1_189' title='bbox 1046 2598 1113 2644; x_wconf 86' lang='lat' dir='ltr'>cives</span> <span class='ocrx_word' id='word_1_190' title='bbox 1123 2597 1184 2644; x_wconf 88' lang='lat' dir='ltr'>inito</span> 
     </span>
     <span class='ocr_line' id='line_1_25' title="bbox 157 2662 1186 2726; baseline -0.002 -12"><span class='ocrx_word' id='word_1_191' title='bbox 157 2667 336 2726; x_wconf 88' lang='lat' dir='ltr'>onerapubliea</span> <span class='ocrx_word' id='word_1_192' title='bbox 347 2663 528 2726; x_wconf 75' lang='lat' dir='ltr'>proportionatd</span> <span class='ocrx_word' id='word_1_193' title='bbox 539 2667 642 2715; x_wconf 88' lang='lat' dir='ltr'>advires</span> <span class='ocrx_word' id='word_1_194' title='bbox 652 2665 800 2725; x_wconf 85' lang='lat' dir='ltr'>sustinendi,</span> <span class='ocrx_word' id='word_1_195' title='bbox 810 2662 947 2716; x_wconf 70' lang='lat' dir='ltr'>secundina</span> <span class='ocrx_word' id='word_1_196' title='bbox 956 2665 1056 2714; x_wconf 87' lang='lat' dir='ltr'>modum</span> <span class='ocrx_word' id='word_1_197' title='bbox 1067 2663 1186 2712; x_wconf 89' lang='lat' dir='ltr'>distribu</span> 
     </span>
     <span class='ocr_line' id='line_1_26' title="bbox 156 2729 553 2793; baseline 0 -11"><span class='ocrx_word' id='word_1_198' title='bbox 156 2733 231 2782; x_wconf 86' lang='lat' dir='ltr'>tionis</span> <span class='ocrx_word' id='word_1_199' title='bbox 242 2729 376 2793; x_wconf 79' lang='lat' dir='ltr'>aprincipe</span> <span class='ocrx_word' id='word_1_200' title='bbox 385 2735 553 2782; x_wconf 84' lang='lat' dir='ltr'>statuendum.</span> 
     </span>
    </p>

    <p class='ocr_par' dir='ltr' id='par_1_14' title="bbox 157 2795 1186 3000">
     <span class='ocr_line' id='line_1_27' title="bbox 187 2795 1186 2862; baseline 0 -14"><span class='ocrx_word' id='word_1_201' title='bbox 187 2801 315 2850; x_wconf 77' lang='lat' dir='ltr'>sineatur</span> <span class='ocrx_word' id='word_1_202' title='bbox 324 2803 499 2862; x_wconf 67' lang='lat' dir='ltr'>obligationem</span> <span class='ocrx_word' id='word_1_203' title='bbox 509 2799 632 2848; x_wconf 86' lang='lat' dir='ltr'>militandi</span> <span class='ocrx_word' id='word_1_204' title='bbox 641 2812 691 2848; x_wconf 88' lang='lat' dir='ltr'>uon</span> <span class='ocrx_word' id='word_1_205' title='bbox 699 2811 752 2848; x_wconf 89' lang='lat' dir='ltr'>esse</span> <span class='ocrx_word' id='word_1_206' title='bbox 762 2799 864 2860; x_wconf 82' lang='lat' dir='ltr'>iustitiae</span> <span class='ocrx_word' id='word_1_207' title='bbox 874 2799 975 2858; x_wconf 75' lang='lat' dir='ltr'>stricte,</span> <span class='ocrx_word' id='word_1_208' title='bbox 985 2797 1028 2846; x_wconf 89' lang='lat' dir='ltr'>sed</span> <span class='ocrx_word' id='word_1_209' title='bbox 1039 2795 1117 2846; x_wconf 78' lang='lat' dir='ltr'>solim</span> <span class='ocrx_word' id='word_1_210' title='bbox 1127 2799 1186 2848; x_wconf 90' lang='lat' dir='ltr'>obe·</span> 
     </span>
     <span class='ocr_line' id='line_1_28' title="bbox 158 2867 1185 2936; baseline -0.004 -16"><span class='ocrx_word' id='word_1_211' title='bbox 158 2869 260 2920; x_wconf 79' lang='lat' dir='ltr'>dieutiae</span> <span class='ocrx_word' id='word_1_212' title='bbox 270 2870 295 2918; x_wconf 87' lang='lat' dir='ltr'>et</span> <span class='ocrx_word' id='word_1_213' title='bbox 302 2869 407 2926; x_wconf 80' lang='lat' dir='ltr'>justitiae</span> <span class='ocrx_word' id='word_1_214' title='bbox 416 2869 520 2930; x_wconf 70' lang='lat' dir='ltr'>legalis;</span> <span class='ocrx_word' id='word_1_215' title='bbox 538 2867 692 2930; x_wconf 84' lang='lat' dir='ltr'>respondebo</span> <span class='ocrx_word' id='word_1_216' title='bbox 704 2882 712 2918; x_wconf 78' lang='grc' dir='ltr'>ι</span> <span class='ocrx_word' id='word_1_217' title='bbox 726 2871 850 2918; x_wconf 68' lang='lat' dir='ltr'>tremet.</span> <span class='ocrx_word' id='word_1_218' title='bbox 862 2867 911 2920; x_wconf 86' lang='lat' dir='ltr'>Sed</span> <span class='ocrx_word' id='word_1_219' title='bbox 919 2868 1015 2928; x_wconf 77' lang='lat' dir='ltr'>justitia</span> <span class='ocrx_word' id='word_1_220' title='bbox 1027 2869 1113 2928; x_wconf 75' lang='lat' dir='ltr'>legalis</span> <span class='ocrx_word' id='word_1_221' title='bbox 1122 2869 1185 2936; x_wconf 83' lang='lat' dir='ltr'>mibi</span> 
     </span>
     <span class='ocr_line' id='line_1_29' title="bbox 157 2933 1152 3000; baseline -0.003 -13"><span class='ocrx_word' id='word_1_222' title='bbox 157 2938 258 2988; x_wconf 82' lang='lat' dir='ltr'>videtur</span> <span class='ocrx_word' id='word_1_223' title='bbox 271 2933 312 2985; x_wconf 85' lang='grc' dir='ltr'>ιιι</span> <span class='ocrx_word' id='word_1_224' title='bbox 323 2938 427 2986; x_wconf 88' lang='lat' dir='ltr'>transire</span> <span class='ocrx_word' id='word_1_225' title='bbox 438 2937 537 2987; x_wconf 86' lang='lat' dir='ltr'>etattm&#39;</span> <span class='ocrx_word' id='word_1_226' title='bbox 530 2952 557 2985; x_wconf 85' lang='lat' dir='ltr'>nr</span> <span class='ocrx_word' id='word_1_227' title='bbox 567 2939 751 2987; x_wconf 86' lang='lat' dir='ltr'>distributivam</span> <span class='ocrx_word' id='word_1_228' title='bbox 756 2938 914 3000; x_wconf 83' lang='lat' dir='ltr'>,istamque</span> <span class='ocrx_word' id='word_1_229' title='bbox 907 2952 934 2986; x_wconf 90' lang='grc' dir='ltr'>ιιι</span> <span class='ocrx_word' id='word_1_230' title='bbox 944 2938 1152 2986; x_wconf 87' lang='lat' dir='ltr'>commutativam.</span> 
     </span>
    </p>

    <p class='ocr_par' dir='ltr' id='par_1_15' title="bbox 157 3002 1184 3410">
     <span class='ocr_line' id='line_1_30' title="bbox 188 3002 1183 3088; baseline 0 -34"><span class='ocrx_word' id='word_1_231' title='bbox 188 3002 263 3068; x_wconf 66' lang='lat' dir='ltr'>Masis</span> <span class='ocrx_word' id='word_1_232' title='bbox 282 3003 365 3056; x_wconf 85' lang='lat' dir='ltr'>movet</span> <span class='ocrx_word' id='word_1_233' title='bbox 370 3007 449 3060; x_wconf 81' lang='lat' dir='ltr'>altera</span> <span class='ocrx_word' id='word_1_234' title='bbox 464 3006 583 3068; x_wconf 77' lang='lat' dir='ltr'>eiusdem</span> <span class='ocrx_word' id='word_1_235' title='bbox 584 3007 692 3068; x_wconf 62' lang='lat' dir='ltr'>theotoci</span> <span class='ocrx_word' id='word_1_236' title='bbox 702 3009 780 3067; x_wconf 83' lang='lat' dir='ltr'>ratio,</span> <span class='ocrx_word' id='word_1_237' title='bbox 791 3003 882 3068; x_wconf 75' lang='lat' dir='ltr'>nempe</span> <span class='ocrx_word' id='word_1_238' title='bbox 893 3003 974 3088; x_wconf 76' lang='lat' dir='ltr'>quod·</span> <span class='ocrx_word' id='word_1_239' title='bbox 968 3019 994 3056; x_wconf 86' lang='grc' dir='ltr'>ιι</span> <span class='ocrx_word' id='word_1_240' title='bbox 1003 3006 1054 3054; x_wconf 86' lang='lat' dir='ltr'>loro</span> <span class='ocrx_word' id='word_1_241' title='bbox 1064 3007 1183 3069; x_wconf 83' lang='lat' dir='ltr'>externo,</span> 
     </span>
     <span class='ocr_line' id='line_1_31' title="bbox 158 3073 1184 3155; baseline -0.002 -31"><span class='ocrx_word' id='word_1_242' title='bbox 158 3075 233 3124; x_wconf 86' lang='lat' dir='ltr'>militi</span> <span class='ocrx_word' id='word_1_243' title='bbox 245 3075 351 3155; x_wconf 68' lang='lat' dir='ltr'>tumenti</span> <span class='ocrx_word' id='word_1_244' title='bbox 358 3076 482 3124; x_wconf 85' lang='lat' dir='ltr'>restitutio</span> <span class='ocrx_word' id='word_1_245' title='bbox 493 3086 542 3126; x_wconf 89' lang='lat' dir='ltr'>uon</span> <span class='ocrx_word' id='word_1_246' title='bbox 553 3077 720 3138; x_wconf 76' lang='lat' dir='ltr'>praecipiatur,</span> <span class='ocrx_word' id='word_1_247' title='bbox 730 3079 770 3124; x_wconf 89' lang='lat' dir='ltr'>vel</span> <span class='ocrx_word' id='word_1_248' title='bbox 777 3075 923 3138; x_wconf 81' lang='lat' dir='ltr'>etiamqudd</span> <span class='ocrx_word' id='word_1_249' title='bbox 933 3089 953 3124; x_wconf 82' lang='lat' dir='ltr'>si</span> <span class='ocrx_word' id='word_1_250' title='bbox 946 3073 989 3124; x_wconf 85' lang='lat' dir='ltr'>ad</span> <span class='ocrx_word' id='word_1_251' title='bbox 1000 3073 1115 3126; x_wconf 87' lang='lat' dir='ltr'>militiam</span> <span class='ocrx_word' id='word_1_252' title='bbox 1126 3077 1184 3136; x_wconf 88' lang='lat' dir='ltr'>iret,</span> 
     </span>
     <span class='ocr_line' id='line_1_32' title="bbox 157 3109 1184 3204; baseline -0.001 -12"><span class='ocrx_word' id='word_1_253' title='bbox 157 3145 270 3204; x_wconf 80' lang='lat' dir='ltr'>alterqui</span> <span class='ocrx_word' id='word_1_254' title='bbox 281 3144 351 3191; x_wconf 91' lang='lat' dir='ltr'>loco&#39;</span> <span class='ocrx_word' id='word_1_255' title='bbox 344 3145 422 3203; x_wconf 83' lang='lat' dir='ltr'>rpsiu&#39;s</span> <span class='ocrx_word' id='word_1_256' title='bbox 438 3145 562 3204; x_wconf 87' lang='lat' dir='ltr'>protectus</span> <span class='ocrx_word' id='word_1_257' title='bbox 571 3142 619 3202; x_wconf 87' lang='lat' dir='ltr'>est,</span> <span class='ocrx_word' id='word_1_258' title='bbox 630 3145 865 3196; x_wconf 81' lang='lat' dir='ltr'>nondimitteretur.</span> <span class='ocrx_word' id='word_1_259' title='bbox 877 3145 924 3194; x_wconf 84' lang='lat' dir='ltr'>Sed</span> <span class='ocrx_word' id='word_1_260' title='bbox 939 3139 1019 3194; x_wconf 74' lang='lat' dir='ltr'>noane</span> <span class='ocrx_word' id='word_1_261' title='bbox 1030 3139 1093 3192; x_wconf 74' lang='lat' dir='ltr'>inde</span> <span class='ocrx_word' id='word_1_262' title='bbox 1105 3109 1184 3191; x_wconf 83' lang='lat' dir='ltr'>solimi</span> 
     </span>
     <span class='ocr_line' id='line_1_33' title="bbox 158 3174 1184 3274; baseline -0.002 -14"><span class='ocrx_word' id='word_1_263' title='bbox 158 3214 270 3262; x_wconf 87' lang='lat' dir='ltr'>concludi</span> <span class='ocrx_word' id='word_1_264' title='bbox 286 3213 367 3273; x_wconf 87' lang='lat' dir='ltr'>potest</span> <span class='ocrx_word' id='word_1_265' title='bbox 382 3225 467 3267; x_wconf 81' lang='lat' dir='ltr'>omnes</span> <span class='ocrx_word' id='word_1_266' title='bbox 480 3213 543 3270; x_wconf 72' lang='lat' dir='ltr'>injus</span> <span class='ocrx_word' id='word_1_267' title='bbox 546 3174 619 3258; x_wconf 66' lang='lat' dir='ltr'>titias’</span> <span class='ocrx_word' id='word_1_268' title='bbox 629 3223 679 3262; x_wconf 85' lang='lat' dir='ltr'>uon</span> <span class='ocrx_word' id='word_1_269' title='bbox 688 3215 812 3274; x_wconf 87' lang='lat' dir='ltr'>coerceri,</span> <span class='ocrx_word' id='word_1_270' title='bbox 824 3217 867 3264; x_wconf 86' lang='lat' dir='ltr'>aut</span> <span class='ocrx_word' id='word_1_271' title='bbox 877 3199 986 3262; x_wconf 85' lang='lat' dir='ltr'>coercer&#39;i</span> <span class='ocrx_word' id='word_1_272' title='bbox 998 3225 1047 3262; x_wconf 90' lang='lat' dir='ltr'>nou</span> <span class='ocrx_word' id='word_1_273' title='bbox 1057 3223 1127 3272; x_wconf 88' lang='lat' dir='ltr'>posse</span> <span class='ocrx_word' id='word_1_274' title='bbox 1137 3223 1184 3260; x_wconf 87' lang='lat' dir='ltr'>nee</span> 
     </span>
     <span class='ocr_line' id='line_1_34' title="bbox 157 3277 1183 3347; baseline -0.002 -17"><span class='ocrx_word' id='word_1_275' title='bbox 157 3281 280 3343; x_wconf 77' lang='lat' dir='ltr'>repararit</span> <span class='ocrx_word' id='word_1_276' title='bbox 291 3282 404 3343; x_wconf 76' lang='lat' dir='ltr'>alloquin</span> <span class='ocrx_word' id='word_1_277' title='bbox 412 3281 540 3330; x_wconf 85' lang='lat' dir='ltr'>dicendum</span> <span class='ocrx_word' id='word_1_278' title='bbox 550 3280 634 3342; x_wconf 72' lang='lat' dir='ltr'>legem</span> <span class='ocrx_word' id='word_1_279' title='bbox 645 3282 811 3344; x_wconf 82' lang='lat' dir='ltr'>inscriptionis</span> <span class='ocrx_word' id='word_1_280' title='bbox 822 3294 875 3332; x_wconf 88' lang='lat' dir='ltr'>esse</span> <span class='ocrx_word' id='word_1_281' title='bbox 884 3282 966 3347; x_wconf 71' lang='lat' dir='ltr'>legem</span> <span class='ocrx_word' id='word_1_282' title='bbox 973 3293 1036 3340; x_wconf 87' lang='lat' dir='ltr'>pure</span> <span class='ocrx_word' id='word_1_283' title='bbox 1048 3277 1183 3329; x_wconf 87' lang='lat' dir='ltr'>coactivam</span> 
     </span>
     <span class='ocr_line' id='line_1_35' title="bbox 158 3350 592 3410; baseline 0.005 -14"><span class='ocrx_word' id='word_1_284' title='bbox 158 3350 184 3397; x_wconf 88' lang='lat' dir='ltr'>et</span> <span class='ocrx_word' id='word_1_285' title='bbox 194 3350 321 3399; x_wconf 85' lang='lat' dir='ltr'>arbitrario</span> <span class='ocrx_word' id='word_1_286' title='bbox 332 3350 402 3397; x_wconf 90' lang='lat' dir='ltr'>modo</span> <span class='ocrx_word' id='word_1_287' title='bbox 414 3354 555 3410; x_wconf 73' lang='lat' dir='ltr'>exequenda</span> <span class='ocrx_word' id='word_1_288' title='bbox 557 3368 592 3401; x_wconf 76' lang='lat' dir='ltr'>ni.</span> 
     </span>
    </p>

    <p class='ocr_par' dir='ltr' id='par_1_16' title="bbox 158 3414 1183 3820">
     <span class='ocr_line' id='line_1_36' title="bbox 189 3414 1183 3483; baseline 0 -17"><span class='ocrx_word' id='word_1_289' title='bbox 189 3417 283 3466; x_wconf 78' lang='lat' dir='ltr'>Saltem</span> <span class='ocrx_word' id='word_1_290' title='bbox 292 3418 502 3483; x_wconf 78' lang='lat' dir='ltr'>eertumidetur,</span> <span class='ocrx_word' id='word_1_291' title='bbox 517 3421 543 3470; x_wconf 82' lang='lat' dir='ltr'>et</span> <span class='ocrx_word' id='word_1_292' title='bbox 552 3422 647 3472; x_wconf 84' lang='lat' dir='ltr'>fatetur</span> <span class='ocrx_word' id='word_1_293' title='bbox 657 3415 738 3466; x_wconf 88' lang='lat' dir='ltr'>dictus</span> <span class='ocrx_word' id='word_1_294' title='bbox 755 3381 990 3478; x_wconf 70' lang='grc' dir='ltr'>ιιιιιοκιιιιιιιιιι</span> <span class='ocrx_word' id='word_1_295' title='bbox 971 3430 991 3468; x_wconf 81' lang='grc' dir='ltr'>ιι</span> <span class='ocrx_word' id='word_1_296' title='bbox 1002 3429 1047 3478; x_wconf 90' lang='lat' dir='ltr'>per</span> <span class='ocrx_word' id='word_1_297' title='bbox 1056 3415 1183 3480; x_wconf 79' lang='lat' dir='ltr'>fraudem,</span> 
     </span>
     <span class='ocr_line' id='line_1_37' title="bbox 158 3477 1184 3550; baseline -0.001 -17"><span class='ocrx_word' id='word_1_298' title='bbox 158 3486 282 3544; x_wconf 76' lang='lat' dir='ltr'>levorem,</span> <span class='ocrx_word' id='word_1_299' title='bbox 294 3487 358 3544; x_wconf 80' lang='lat' dir='ltr'>ete,</span> <span class='ocrx_word' id='word_1_300' title='bbox 368 3477 520 3548; x_wconf 79' lang='lat' dir='ltr'>uttltsaept,</span> <span class='ocrx_word' id='word_1_301' title='bbox 529 3489 712 3550; x_wconf 83' lang='lat' dir='ltr'>exemptionem</span> <span class='ocrx_word' id='word_1_302' title='bbox 731 3483 867 3534; x_wconf 87' lang='grc' dir='ltr'>οιιιιιιιιιιι</span> <span class='ocrx_word' id='word_1_303' title='bbox 887 3485 959 3534; x_wconf 89' lang='lat' dir='ltr'>miles</span> <span class='ocrx_word' id='word_1_304' title='bbox 977 3487 1092 3542; x_wconf 87' lang='lat' dir='ltr'>vocatus,</span> <span class='ocrx_word' id='word_1_305' title='bbox 1112 3486 1184 3532; x_wconf 89' lang='lat' dir='ltr'>resti·</span> 
     </span>
     <span class='ocr_line' id='line_1_38' title="bbox 158 3551 1182 3616; baseline -0.002 -14"><span class='ocrx_word' id='word_1_306' title='bbox 158 3516 360 3602; x_wconf 58' lang='lat' dir='ltr'>mateterieatur&#39;.</span> <span class='ocrx_word' id='word_1_307' title='bbox 379 3554 507 3616; x_wconf 55' lang='lat' dir='ltr'>Quidem</span> <span class='ocrx_word' id='word_1_308' title='bbox 513 3557 596 3606; x_wconf 85' lang='lat' dir='ltr'>innuit</span> <span class='ocrx_word' id='word_1_309' title='bbox 612 3556 679 3606; x_wconf 87' lang='lat' dir='ltr'>idem</span> <span class='ocrx_word' id='word_1_310' title='bbox 692 3567 751 3604; x_wconf 86' lang='lat' dir='ltr'>eum</span> <span class='ocrx_word' id='word_1_311' title='bbox 767 3555 798 3602; x_wconf 90' lang='lat' dir='ltr'>ad</span> <span class='ocrx_word' id='word_1_312' title='bbox 808 3551 990 3602; x_wconf 88' lang='lat' dir='ltr'>restitutionem</span> <span class='ocrx_word' id='word_1_313' title='bbox 1001 3565 1050 3600; x_wconf 89' lang='lat' dir='ltr'>non</span> <span class='ocrx_word' id='word_1_314' title='bbox 1065 3552 1182 3612; x_wconf 67' lang='lat' dir='ltr'>obligari,</span> 
     </span>
     <span class='ocr_line' id='line_1_39' title="bbox 158 3617 1182 3682; baseline -0.002 -12"><span class='ocrx_word' id='word_1_315' title='bbox 158 3621 207 3670; x_wconf 85' lang='lat' dir='ltr'>nisi</span> <span class='ocrx_word' id='word_1_316' title='bbox 218 3621 377 3668; x_wconf 75' lang='lat' dir='ltr'>indefectam</span> <span class='ocrx_word' id='word_1_317' title='bbox 388 3633 473 3668; x_wconf 92' lang='lat' dir='ltr'>eorum</span> <span class='ocrx_word' id='word_1_318' title='bbox 483 3623 526 3681; x_wconf 83' lang='lat' dir='ltr'>qui</span> <span class='ocrx_word' id='word_1_319' title='bbox 538 3637 595 3671; x_wconf 88' lang='lat' dir='ltr'>eum</span> <span class='ocrx_word' id='word_1_320' title='bbox 604 3621 759 3671; x_wconf 86' lang='lat' dir='ltr'>exemerunt.</span> <span class='ocrx_word' id='word_1_321' title='bbox 770 3621 821 3680; x_wconf 83' lang='lat' dir='ltr'>list,</span> <span class='ocrx_word' id='word_1_322' title='bbox 831 3617 994 3682; x_wconf 76' lang='lat' dir='ltr'>praeterqutm</span> <span class='ocrx_word' id='word_1_323' title='bbox 1005 3621 1070 3681; x_wconf 83' lang='lat' dir='ltr'>quod</span> <span class='ocrx_word' id='word_1_324' title='bbox 1080 3621 1121 3668; x_wconf 90' lang='lat' dir='ltr'>isti</span> <span class='ocrx_word' id='word_1_325' title='bbox 1133 3631 1182 3668; x_wconf 89' lang='lat' dir='ltr'>non</span> 
     </span>
     <span class='ocr_line' id='line_1_40' title="bbox 158 3686 1181 3751; baseline -0.002 -13"><span class='ocrx_word' id='word_1_326' title='bbox 158 3690 306 3750; x_wconf 76' lang='lat' dir='ltr'>restituent,</span> <span class='ocrx_word' id='word_1_327' title='bbox 315 3689 342 3736; x_wconf 91' lang='lat' dir='ltr'>id</span> <span class='ocrx_word' id='word_1_328' title='bbox 350 3700 447 3751; x_wconf 79' lang='lat' dir='ltr'>aequum</span> <span class='ocrx_word' id='word_1_329' title='bbox 456 3691 542 3740; x_wconf 79' lang='grc' dir='ltr'>ιιιιιιιι</span> <span class='ocrx_word' id='word_1_330' title='bbox 551 3704 600 3742; x_wconf 86' lang='lat' dir='ltr'>uun</span> <span class='ocrx_word' id='word_1_331' title='bbox 610 3692 723 3750; x_wconf 86' lang='grc' dir='ltr'>ιιιιιιιιι,</span> <span class='ocrx_word' id='word_1_332' title='bbox 732 3686 790 3742; x_wconf 75' lang='lat' dir='ltr'>itm</span> <span class='ocrx_word' id='word_1_333' title='bbox 801 3687 874 3738; x_wconf 81' lang='lat' dir='ltr'>miles</span> <span class='ocrx_word' id='word_1_334' title='bbox 884 3687 1016 3750; x_wconf 87' lang='lat' dir='ltr'>inscriptus</span> <span class='ocrx_word' id='word_1_335' title='bbox 1027 3687 1181 3740; x_wconf 87' lang='lat' dir='ltr'>commodum</span> 
     </span>
     <span class='ocr_line' id='line_1_41' title="bbox 159 3757 560 3820; baseline -0.002 -13"><span class='ocrx_word' id='word_1_336' title='bbox 159 3761 224 3814; x_wconf 75' lang='lat' dir='ltr'>aolus</span> <span class='ocrx_word' id='word_1_337' title='bbox 233 3773 264 3810; x_wconf 80' lang='lat' dir='ltr'>ex</span> <span class='ocrx_word' id='word_1_338' title='bbox 275 3757 397 3820; x_wconf 73' lang='lat' dir='ltr'>injustitit</span> <span class='ocrx_word' id='word_1_339' title='bbox 405 3759 522 3820; x_wconf 80' lang='lat' dir='ltr'>reportet.</span> <span class='ocrx_word' id='word_1_340' title='bbox 546 3773 560 3820; x_wconf 55' lang='grc' dir='ltr'><strong>ζ</strong></span> 
     </span>
    </p>

    <p class='ocr_par' dir='ltr' id='par_1_17' title="bbox 189 3819 1181 3888">
     <span class='ocr_line' id='line_1_42' title="bbox 189 3819 1181 3888; baseline -0.004 -12"><span class='ocrx_word' id='word_1_341' title='bbox 189 3828 306 3888; x_wconf 75' lang='lat' dir='ltr'>sipiares</span> <span class='ocrx_word' id='word_1_342' title='bbox 323 3827 414 3877; x_wconf 74' lang='lat' dir='ltr'>dicum</span> <span class='ocrx_word' id='word_1_343' title='bbox 428 3825 576 3888; x_wconf 79' lang='lat' dir='ltr'>iniustitiam</span> <span class='ocrx_word' id='word_1_344' title='bbox 594 3827 762 3884; x_wconf 76' lang='lat' dir='ltr'>commiserim</span> <span class='ocrx_word' id='word_1_345' title='bbox 777 3819 926 3886; x_wconf 68' lang='lat' dir='ltr'>successive,</span> <span class='ocrx_word' id='word_1_346' title='bbox 936 3823 1060 3878; x_wconf 84' lang='lat' dir='ltr'>restitutio</span> <span class='ocrx_word' id='word_1_347' title='bbox 1067 3821 1181 3878; x_wconf 83' lang='lat' dir='ltr'>iacienda</span> 
     </span>
    </p>
   </div>
   <div class='ocr_carea' id='block_1_11' title="bbox 0 0 1470 4658">
    <p class='ocr_par' dir='ltr' id='par_1_18' title="bbox 0 0 1470 4658">
     <span class='ocr_line' id='line_1_43' title="bbox 0 0 1470 4658; baseline 0 1"><span class='ocrx_word' id='word_1_348' title='bbox 0 0 1470 4658; x_wconf 95' lang='lat' dir='ltr'> </span> 
     </span>
    </p>
   </div>
  </div>
 </body>
</html>
