2932 4658
487 345 492 352 -
539 311 777 372 *nscsnooa

635 474 689 544 gr.
729 519 732 524 .

438 627 475 676 De
486 622 647 688 acquisitione
657 635 704 686 per
713 616 889 673 accessionem

193 776 267 852 401.
294 769 447 840 Accessro
465 769 599 862 duplex,
623 767 790 854 nauualis,
811 782 847 837 ut
861 761 1024 856 nativitas,
1043 769 1177 858 alluvio,

151 864 256 935 alveus
271 867 395 936 relictus
416 881 447 935 et
459 864 571 946 insuda.

194 961 407 1045 Industrialis,
424 977 459 1029 ut
472 960 609 1053 pictura,
627 957 814 1054 specificatio
826 973 857 1028 et
870 959 1048 1031 commixtio
1060 963 1178 1052 (aido

150 1061 225 1130 hant
237 1059 383 1138 mixtam,
402 1069 438 1122 ut
452 1053 616 1122 aedificatio
626 1054 654 1140 ).

190 1155 283 1225 Circa
297 1179 366 1247 quae
380 1150 453 1220 vide
466 1150 515 1219 tit.
536 1179 572 1233 a,
591 1147 650 1218 lib.
673 1177 710 1232 2,
729 1149 800 1217 cod.
820 1148 882 1222 civ.

189 1250 278 1323 Nota
291 1248 416 1316 solium:
436 1252 499 1314 1⁰«
516 1245 578 1314 Les
598 1244 690 1314 fruits
704 1245 844 1338 produits
863 1269 921 1338 par
933 1243 966 1314 la
986 1245 1080 1317 chose
1092 1248 1178 1347 n’ap·

149 1374 166 1404 o
182 1345 377 1440 partionnent
390 1367 430 1410 au
442 1340 647 1436 proprietaire
662 1343 735 1434 qu'h¹
750 1339 782 1408 la
796 1338 910 1432 charge
924 1341 963 1409 dc
978 1344 1177 1418 remhourscr

150 1470 167 1500 »
182 1441 228 1509 les
251 1440 328 1508 frais
349 1439 389 1508 de
410 1437 536 1521 labour,
560 1451 690 1506 travaux
713 1451 745 1505 ct
765 1461 922 1514 samoneos
944 1435 1016 1507 faits
1037 1464 1095 1533 par
1120 1441 1176 1512 des

150 1565 168 1594 ³·
182 1535 259 1604 ticrs
273 1536 376 1622 (548).
396 1563 411 1591 o
426 1533 529 1620 (Haec
541 1532 744 1617 indemnitas,
764 1557 802 1602 ex
813 1531 945 1602 articulo
958 1561 1059 1622 moa,
1078 1536 1132 1606 dat
1143 1537 1177 1607 in

147 1630 267 1700 fructus
282 1630 329 1698 rei
343 1627 580 1724 privilegium.)
1017 1629 1019 1634 ’

192 1732 259 1792 «2⁰
282 1725 398 1814 Quand
423 1726 437 1810 (
456 1724 487 1792 le
501 1723 584 1792 droit
606 1721 824 1808 d’accession)
843 1746 863 1790 a
881 1747 962 1817 pour
986 1723 1071 1817 ohjet
1096 1725 1177 1798 deux

150 1820 290 1889 »choses
309 1819 489 1893 mohiliirfl
507 1822 744 1914 appartepanth
764 1818 845 1886 deux
861 1821 989 1888 maitres
1010 1821 1175 1907 diffe'reus,

148 1946 165 1975 o
180 1916 204 1984 il
219 1932 265 1986 cst
275 1916 477 1984 entihremcnt
488 1915 684 1984 suhordonne
693 1939 753 1980 aux
766 1913 922 2005 principes
932 1915 972 2012 de
986 1915 1111 2009 l'siquitc'
1123 1943 1176 1988 na·

150 2040 166 2069 υ
183 2010 294 2079 turelle
306 2011 411 2093 (565).
428 2037 444 2064 ν»

188 2106 278 2198 Ergo
291 2105 326 2171 in
338 2103 387 2171 his
404 2100 544 2170 materiis
556 2125 621 2169 non
639 2099 742 2169 solium
765 2099 807 2169 ad
820 2100 890 2170 cod.
911 2099 971 2174 civ.
984 2114 995 2186 ,'
1023 2105 1080 2175 sed
1092 2097 1175 2203 saepi

89 2272 92 2288 ,
148 2202 188 2270 ad
201 2199 414 2296 jurisperitos,
432 2197 460 2265 si
474 2222 523 2266 res
536 2195 654 2280 valeat,
677 2210 747 2280 aut,
766 2195 794 2264 si
807 2220 921 2290 parva,
944 2199 985 2268 ad
998 2199 1076 2269 alios
1095 2227 1176 2298 pru·
1234 2199 1246 2205 ’

148 2299 255 2367 dentes
286 2295 530 2375 recurrendum
560 2317 708 2392 aequaque
736 2291 920 2388 compositio
943 2295 1087 2369 iacienda
1111 2315 1175 2386 est,

148 2394 271 2488 quando
283 2393 354 2484 jura
363 2391 588 2462 obscura-suut.

625 2557 692 2627 su.

412 2711 450 2760 De
460 2709 621 2772 acquisitione
631 2721 678 2772 per
686 2676 908 2772 proscriptionem.

189 2854 406 2924 Pauscnrorro
426 2870 472 2924 est
494 2854 656 2950 acquisitio
670 2855 816 2940 dominii,
837 2854 889 2924 vel
910 2855 1020 2925 modus
1035 2881 1069 2926 so
1089 2855 1175 2927 liho-

148 2951 253 3032 randi,
267 2950 460 3044 perlapsum
486 2951 637 3046 temporis
652 2967 683 3020 et
696 2951 754 3020 sub
768 2949 994 3020 conditionibus
1005 2955 1025 3020 a
1038 2951 1108 3044 lege
1122 2954 1174 3023 de·

147 3045 329 3115 terminatis.
343 3045 423 3114 vid.
440 3047 491 3116 tit.
505 3073 545 3114 ao
556 3047 626 3117 cod.
644 3047 704 3116 civ.
717 3045 827 3115 Solium
837 3045 889 3118 hic
899 3046 1013 3118 habeto
1023 3050 1175 3142 quasdam

301 3215 330 3286 l.
349 3212 708 3288 DlSPOSlTlONES
726 3213 1021 3286 GENERALES.

189 3375 264 3449 402.
282 3369 366 3438 June
379 3370 534 3464 gentium,
553 3370 637 3464 quod
649 3369 791 3440 namrale
804 3368 896 3438 multi
912 3385 1042 3452 vocant,
1061 3384 1092 3438 ci
1105 3369 1175 3460 jure

147 3464 252 3548 civili,
278 3465 389 3558 quibus
404 3467 564 3534 conforme
582 3465 782 3549 canonicum,
811 3467 853 3536 ob
865 3465 982 3536 honum
996 3491 1174 3550 commuue,

146 3585 186 3629 ne
200 3565 311 3654 nempe
322 3559 459 3628 dominia
468 3586 573 3629 rorum
583 3577 744 3631 manerent
753 3561 888 3645 incerta,
906 3562 976 3631 litos
990 3559 1175 3657 multiplica·

147 3671 273 3738 rentur,
293 3671 323 3724 et
340 3671 374 3723 ut
388 3655 509 3725 desidia
522 3655 682 3726 hominum
695 3681 745 3727 res
763 3659 871 3749 jurave
881 3677 941 3727 ‘sua
953 3657 1101 3755 prosequi
1115 3682 1175 3727 ne-

147 3750 328 3843 gligentium
346 3768 507 3824 acueretur
523 3753 741 3848 punireturve,
758 3754 935 3827 introducta
949 3769 994 3830 ost
1007 3755 1174 3857 praescrip⁴

147 3843 207 3934 tio,
226 3865 255 3918 et
269 3850 322 3921 slat
336 3851 384 3944 jus
399 3875 522 3935 vorum,
541 3852 613 3922 ciun
624 3849 766 3944 legitima
779 3865 838 3923 cst.
