2928 4680
467 333 469 338 .
507 259 752 330 -orcicoer,
1080 253 1149 349 367

516 438 758 496 errrcerusr.

166 607 210 664 ite
226 609 301 662 modo
314 607 458 674 acquirendi
467 607 508 668 ius
516 607 547 656 ad
557 619 587 657 ea
596 619 651 667 quae
662 607 756 656 nullius
764 606 835 673 sunt,
843 620 889 658 seu
898 607 929 658 de
937 609 1107 672 occupatione.

166 768 355 836 Occuuerro
380 781 428 835 est
448 763 653 861 apprehensio
674 763 803 858 alicujus
822 766 869 834 rei
886 791 957 836 cum
970 769 1152 837 animoeam

121 857 260 932 faciendi
271 887 368 930 suam.
1060 869 1062 874 '
1237 856 1241 866 '

165 958 359 1052 Principium
383 973 451 1035 est:
465 980 533 1051 quse
556 955 671 1026 narllius
691 971 778 1042 sunt,
801 957 836 1025 ni
853 957 905 1026 lex
919 957 1033 1036 obstet,
1048 956 1153 1051 primo

120 1056 301 1148 occupantis
312 1054 399 1121 fiunt.

606 1216 656 1284 gr.

400 1383 438 1434 Ite
455 1385 617 1448 occupatione
631 1383 817 1444 thesaurorum,
828 1384 876 1438 etc.

162 1546 240 1634 390.'
261 1569 280 1600 o
297 1539 347 1610 Le
358 1543 461 1608 tricor
484 1555 530 1609 est
542 1556 628 1609 toute
650 1539 743 1608 chose
769 1535 880 1610 carhee
894 1567 933 1609 ou
947 1537 1083 1621 enfouie,
1096 1567 1151 1612 sur

121 1665 139 1694 u
154 1635 292 1730 laquelle
308 1662 462 1732 personne
475 1659 515 1705 nc
528 1651 602 1731 peut
611 1637 742 1728 justifies
756 1661 789 1704 so
805 1637 983 1731 proprie'tc',
1000 1653 1029 1707 et
1040 1639 1151 1732 quiesi

118 1761 135 1790 u
158 1732 344 1802 de'eouverte
359 1757 417 1826 par
427 1731 457 1800 le
471 1758 530 1826 pur
542 1732 617 1800 eflet
628 1729 905 1822 duhaserd(716).
923 1762 940 1790 u

161 1826 199 1894 Si
221 1831 296 1918 ergo
316 1829 408 1895 certis
426 1827 611 1919 quibusdem
634 1825 759 1894 indiciis
785 1841 837 1892 aut
859 1828 1150 1924 presumptionibus

118 1921 263 2013 cognosci
285 1922 383 2016 possit
396 1925 416 1988 ia
429 1921 592 2014 quofacta
611 1921 706 1988 fuerit
727 1920 1073 2012 depositi0,'thesaurus
1086 1948 1150 1992 non

119 2032 181 2093 est,
206 2017 263 2082 sed
284 2041 334 2083 res
359 2016 523 2108 deperdita
545 2014 722 2082 haeredibus
743 2013 863 2081 domini
878 2016 1059 2108 presumpsi
1071 2017 1150 2084 rccl-

118 2110 292 2196 desdam).

155 2295 192 2359 (a)
204 2291 276 2344 reon.
287 2293 406 2354 Toullier,
417 2305 491 2354 quem
504 2288 568 2355 saept
579 2291 719 2354 citabimus,
728 2289 814 2355 utpote
823 2292 866 2355 qui
874 2293 963 2344 utcod.
970 2293 1019 2344 cir.
1028 2293 1148 2348 Gallicani

119 2365 298 2412 commentator
306 2363 394 2410 'bonus
412 2362 542 2410 habeatur.
555 2361 673 2410 Definitio
684 2359 741 2424 ergo
752 2363 871 2410 hodierna
879 2364 987 2412 thesauri
998 2363 1150 2416 coinciderei

83 2469 90 2478 .
117 2431 480 2493 cumveteripuaesichctus
500 2433 609 2494 depositio
620 2432 686 2492 cejces
695 2435 810 2481 mcnwrie
820 2445 868 2480 noa
885 2432 1096 2494 cetet,ttdat1'om
1106 2437 1150 2485 do-

116 2505 207 2552 aninum
224 2516 271 2550 aon
286 2503 380 2550 hebeat.
438 2531 440 2536 ·
1146 2529 1149 2536 ⁴

148 2572 173 2622 si
183 2571 304 2631 depositio
315 2571 348 2630 sit¹
358 2570 446 2628 vetus,
456 2567 571 2628 quamvis
581 2567 640 2618 sciri
651 2569 728 2630 possit
738 2563 752 2616 i
762 2581 867 2632 quorum
876 2569 1011 2628 maioribus
1021 2570 1084 2619 iacta
1093 2570 1150 2620 ἠιθ-

116 2642 164 2702 rit,
174 2635 244 2700 juxti
255 2639 367 2687 Loesium
376 2641 402 2686 ct
411 2640 437 2684 P.
447 2638 553 2686 Thomas
562 2638 693 2686 thesaurus
704 2641 757 2696 est,
769 2641 842 2697 quia,
859 2640 937 2698 spatio
946 2635 996 2686 tim
1008 2640 1094 2700 longo,
1104 2641 1149 2688 do·

116 2712 159 2759 siit
168 2724 220 2758 esse
230 2711 257 2757 in
265 2707 373 2757 dominio
385 2707 539 2766 cuiusquam.
551 2708 704 2754 contrarium
713 2705 903 2765 senciendum,
915 2708 941 2754 et
950 2707 1049 2755 videtur
1057 2706 1148 2757 ere-ito

117 2780 138 2827 ei
147 2792 187 2826 res
197 2790 294 2835 semper
304 2777 331 2821 in
341 2773 427 2822 eidem
439 2773 587 2820 reminserlt
597 2773 705 2830 camilia,
714 2774 772 2832 quia
782 2773 965 2830 tuncdeminne
980 2777 1091 2834 cognosci
1100 2787 1149 2836 po-

119 2847 183 2905 test,
193 2846 219 2892 et
228 2844 327 2890 indiciis
337 2841 619 2903 praesumptionibusque
629 2845 670 2900 jus
689 2842 814 2892 haeredurn
824 2843 933 2902 probari.

146 2913 171 2962 Si
179 2913 264 2973 plures
275 2912 369 2959 tuerint
379 2911 497 2958 locatores
508 2911 534 2958 in
542 2911 613 2958 domo
628 2913 655 2957 in
665 2907 713 2971 qui
721 2911 777 2971 quie
787 2912 883 2960 invenit
903 2911 1080 2972 depositionem
1095 2923 1147 2963 non

120 2983 245 3039 retorem,
254 2993 299 3027 seu
307 2993 362 3039 quae
372 2991 423 3026 non
433 2979 509 3039 possit
519 2979 605 3026 baberi
615 2980 645 3027 ut
654 2980 785 3028 thesaurus
791 3013 800 3041 ,
809 2982 840 3028 de
850 2979 880 3028 et
890 2981 1030 3030 iaciendum
1039 2983 1105 3032 sicut
1114 2983 1147 3033 de

115 3051 188 3098 rebus
199 3049 316 3098 inventis.
327 3051 411 3096 Deo..

146 3118 235 3173 Notent
255 3114 301 3164 bic
320 3116 448 3164 occasione
471 3116 615 3166 confessarii
632 3117 807 3178 inquirendum
818 3113 995 3168 imoribundis
1012 3119 1146 3181 dequibus

117 3187 222 3245 auspicio
234 3181 346 3246 estquod
357 3185 489 3246 pecuniam
500 3186 687 3247 absconderint,
698 3183 759 3234 nirm
770 3188 909 3236 heredibus
919 3188 1106 3248 declaraverint,
1117 3189 1146 3238 ut

119 3251 207 3316 nempe
218 3256 312 3306 vitetur
320 3254 427 3317 suspicio
437 3252 504 3321 qubd
523 3255 599 3304 tuerit
609 3255 701 3316 ablate,
714 3258 763 3304 ete.

157 3420 229 3506 391.
253 3447 267 3474 o
283 3417 333 3486 La
342 3418 502 3512 proprie'tc'
523 3417 597 3488 d'un
608 3425 709 3488 tre‘sor
731 3419 904 3515 appartient
917 3421 937 3488 h
952 3417 1031 3490 celui
1045 3417 1099 3512 qui
1113 3417 1144 3488 le

117 3537 131 3566 u
148 3526 256 3579 trouve
269 3513 345 3579 (lans
359 3537 415 3582 son
427 3539 542 3609 propre
555 3515 658 3584 fonds.
675 3514 713 3583 Si
725 3515 755 3582 lc
768 3522 868 3586 tbe'sor
882 3531 928 3584 cst
938 3521 1045 3593 heuve'
1065 3515 1143 3584 dam

119 3635 134 3663 »
149 3603 179 3674 lc
192 3605 284 3674 fonds
297 3607 485 3688 d'uneutrc,
504 3608 529 3674 il
547 3635 588 3704 ap
611 3609 726 3678 ertient
744 3634 824 3702 pour
837 3608 979 3677 moitidi
997 3608 1076 3677 celui
1087 3606 1143 3701 qui

120 3727 134 3756 o
150 3698 192 3769 l'e
216 3701 398 3781 de'couvert,
423 3717 453 3770 ec
480 3728 559 3800 pour
573 3705 684 3778 leutre
702 3704 809 3776 moitie'
824 3703 1084 3800 adproprieteire
1098 3704 1141 3772 du

119 3823 135 3851 u
149 3793 250 3870 fonds.
271 3798 361 3887 (716)
378 3798 439 3884 (a).
455 3826 471 3855 u
881 3840 883 3846 π
