2932 4658
177 260 182 268 ¹
254 288 326 361 loo·
476 383 478 389 ,
513 304 565 358 na
586 297 761 372 Quaero
781 299 1026 356 raucarum

619 559 621 564 ι
647 429 815 528 suerro
839 467 905 526 n.-

496 600 536 682 'Da
547 630 605 682 curi
615 628 738 694 spirituali
748 630 878 694 parentum
889 624 946 692 erga
956 629 1029 678 fillos.
1082 672 1085 675 .

282 775 364 847 ¹336.
389 778 482 846 (luna
508 776 576 845 hac
603 773 798 844 consistit-in
821 775 1015 869 procurandi
1037 775 1111 842 filiis
1133 771 1291 868 baptismi?

251 871 415 942 collatione
434 874 600 968 prompti,
627 888 657 939 ct
677 870 710 938 in
731 869 928 938 informando
940 895 1008 953 eos,
1024 873 1175 936 statlmac
1191 891 1286 937 usum

250 969 379 1038 rationis
393 967 497 1061 adepti
507 966 652 1050 sunt„ad
675 979 765 1034 omne
787 965 920 1048 bonum,
941 963 1153 1050 doctrintut),
1181 981 1282 1031 exem·

250 1065 378 1164 plo(h),
394 1065 556 1155 vigilantii
566 1065 610 1149 (c)
619 1116 628 1148 ,
641 1061 831 1131 correctione
841 1061 912 1148 (d),
931 1077 963 1128 et
974 1059 1167 1140 orationibus
1178 1060 1237 1146 (a).
1281 1129 1283 1134 .

282 1233 318 1296 (o)
327 1235 432 1282 Peccant
441 1231 498 1294 ergit
505 1233 549 1294 qui
559 1245 609 1280 non
617 1231 704 1280 curant
711 1229 775 1279 filios
785 1189 911 1278 ¹addiscere
920 1229 1039 1291 mysteria
1046 1228 1115 1285 litei,
1123 1239 1211 1292 preses
1218 1229 1283 1278 alie·

250 1315 299 1364 que
310 1303 340 1350 ad
351 1303 456 1350 salutem
467 1301 619 1361 necessaria,
629 1295 689 1350 vert
698 1300 808 1360 quidem,
818 1302 844 1348 et
852 1312 902 1346 non
913 1301 942 1347 ut
951 1299 1066 1360 psittacf3

281 1371 328 1430 Qui
341 1371 519 1452 cossententiis
530 1369 612 1432 pravis
621 1367 752 1430 imbuunt,
762 1369 807 1418 aut
817 1368 936 1417 doetrinae
943 1379 1075 1428 perversae
1083 1365 1219 1428 pedagogis
1228 1365 1282 1414 tra·

251 1440 312 1556 [Ἥ
318 1453 366 1570 giril:
367 1441 486 1558 daffiffin
495 1507 595 1563 illorum
599 1506 761 1567 tlluatrando,
772 1519 814 1556 cor
824 1506 898 1556 simul
903 1517 953 1554 aua
963 1506 1109 1565 informant,
1120 1505 1282 1566 peccatilror·

250 1589 346 1657 rorem,
358 1577 523 1640 cupiditatum
533 1577 711 1626 refraenatiouis
725 1577 914 1636 necessitatem,
929 1585 1088 1635 amoremque
1098 1575 1198 1625 virtutis
1208 1577 1280 1623 ineu·

250 1645 412 1794 tletltttlfftontrt
423 1714 531 1773 exempli
540 1712 649 1762 officium
659 1711 764 1774 peceant
773 1694 817 1768 uui
826 1712 854 1759 ia
862 1711 1281 1775 (lictis,factls.etc.,naaanteeunt

249 1780 437 1897 tquugnfrorlzogo
444 1815 490 1910 ’spui
501 1847 601 1908 pletatis
609 1861 711 1918 operum
721 1845 856 1910 neglectas,
866 1847 1063 1908 lulmieftlerum,
1071 1847 1210 1910 iniustitiae,
1219 1850 1280 1910 eta,

249 1917 283 1968 tis
293 1918 408 1978 exempla
416 1919 536 1978 praebent.

280 1981 428 2035 llorrilalllirs
439 1988 460 2034 si
469 1987 531 2034 lilios
542 1987 619 2034 socios
630 1987 656 2034 et
672 1985 804 2048 complices
820 1986 952 2034 eriminum
963 1987 1081 2035 efficiant.
1270 2049 1277 2056 η

282 2055 314 2119 (a)
326 2053 371 2104 lire
390 2056 495 2118 peccant
511 2056 554 2116 qui
566 2056 629 2104 fullos
647 2057 722 2104 etiam
734 2059 832 2104 teneros
845 2057 972 2118 pudicitiae
984 2057 1079 2114 legibue
1089 2066 1138 2102 noa
1147 2054 1286 2115 muulmrt,

249 2125 303 2174 slve
315 2139 356 2174 eas
365 2127 396 2173 ab
405 2126 483 2186 ipsius
492 2125 594 2185 infringi
605 2125 771 2186 permittendo
781 2125 852 2184 ,sive
859 2120 942 2175 coram
952 2126 990 2172 eis
997 2137 1038 2172 eae
1048 2136 1097 2170 non
1106 2125 1239 2182 merendo,
1251 2124 1281 2174 at

249 2195 271 2242 si
286 2209 327 2242 eoa
345 2207 429 2241 secum
446 2193 472 2240 in
492 2193 600 2240 thalamo
616 2195 737 2254 nuptiali,
749 2195 792 2241 aut
808 2195 848 2241 rel
859 2189 951 2254 prope,
967 2193 1074 2240 eadsine
1086 2189 1281 2251 magnicautelt

250 2265 341 2310 cuhara
352 2261 510 2322 permittant,
522 2257 578 2308 crim
587 2261 639 2318 jam
647 2263 771 2312 memoriae
783 2275 885 2322 capaces
893 2263 949 2310 sunt
959 2263 1005 2322 ,ut
1020 2257 1035 2310 tt
1048 2262 1156 2308 triennio
1165 2262 1209 2308 aut
1217 2273 1285 2320 qua·-
1371 2281 1374 2284 ·

174 2345 180 2363 ¹
249 2331 365 2388 drienno;
376 2329 417 2376 vel
428 2329 461 2388 si,
474 2323 531 2376 curn
543 2330 600 2376 sunt
609 2327 683 2376 sarcula
697 2331 804 2390 diversi,
815 2343 856 2378 eos
866 2331 893 2378 in
904 2331 992 2378 eodem
1003 2330 1208 2390 lectouollocent3

279 2399 341 2458 Qui,
353 2393 410 2446 cium
421 2397 491 2444 annis
502 2398 638 2457 creverint,
653 2399 678 2445 et
686 2396 795 2446 maximia
803 2400 844 2446 vel
852 2400 879 2446 in
889 2398 969 2459 prima
986 2397 1165 2460 adolescentia,
1180 2411 1232 2448 naa
1240 2400 1281 2447 iu·

249 2469 352 2529 quirunt
361 2467 426 2527 quial
440 2466 546 2526 faciant,
558 2467 619 2526 quid
629 2467 726 2526 legant,
738 2469 828 2527 quibus
845 2469 1031 2528 consociantur,
1043 2469 1090 2516 etsi
1100 2469 1186 2518 manui
1196 2469 1280 2518 extra·

238 2529 303 2588 'ueae'
314 2537 436 2585 commissi
446 2535 495 2583 sint
506 2535 640 2596 educandi,
652 2538 695 2584 aut
702 2537 797 2601 ratione
812 2535 959 2596 famulatus,
971 2537 1029 2596 eto,
1045 2533 1116 2586 extra
1126 2539 1226 2585 domum
1235 2550 1280 2598 pa·-

249 2607 346 2654 ternam
355 2607 484 2665 maneant,
495 2605 579 2667 inquo
590 2605 707 2666 casulam
716 2605 856 2654 debuerunt
866 2606 897 2654 de
915 2607 1070 2655 dominorum
1080 2609 1189 2657 moribus
1205 2617 1280 2654 aecu-

250 2671 302 2724 tatia
314 2675 448 2735 sciscitari3

280 2745 328 2805 Qui
340 2746 375 2792 eis
386 2743 530 2792 immodesta
541 2743 585 2810 aut
601 2740 746 2794 immodeste
756 2743 824 2806 gesta
837 2743 986 2794 vestimenta
1002 2744 1164 2804 permittunt,
1174 2743 1280 2805 promia·

249 2827 308 2881 cuas
317 2815 508 2874 familiaritates,
518 2815 678 2862 contubernia
687 2803 814 2875 suspecta,
825 2815 961 2874 solitarias,
972 2815 1047 2862 etiam
1057 2815 1103 2862 sub
1113 2815 1216 2863 obtentu
1225 2827 1279 2862 ma·

249 2883 374 2943 lrimonii,
386 2895 443 2930 cum
464 2882 561 2929 amasiis
577 2885 790 2942 conversationes,
805 2885 920 2943 choreas,
933 2883 1087 2943 spectacula.
1101 2883 1178 2932 libros
1195 2879 1278 2934 senua

249 2952 394 3008 religionem
404 2953 447 2997 aut
458 2963 552 3009 mores,
562 2951 637 2998 etiam
647 2965 688 2999 eos
698 2953 742 3013 qui
752 2952 867 3000 romantii
878 2952 1004 3010 dicuntum

278 3017 309 3064 Et
319 3019 363 3077 qui
374 3031 422 3064 non
434 3019 520 3064 curant
531 3020 562 3066 ab
573 3020 609 3066 eis
618 3021 717 3081 impleri
726 3022 793 3080 leges
804 3021 928 3068 Ecclesiae.

282 3083 316 3148 (b)
327 3083 500 3145 Peccantergb
510 3085 553 3146 qui
565 3088 668 3136 lenitate
677 3087 861 3148 intenpestiva,
873 3084 1008 3146 remissius,
1017 3082 1083 3134 autt
1093 3079 1178 3130 contri
1188 3083 1278 3132 imme-

249 3153 312 3214 ritis,
323 3155 363 3202 vel
375 3167 431 3202 cum
441 3155 492 3200 zelo
502 3155 680 3217 immoderato,
692 3157 735 3205 fras
746 3158 842 3218 impetu
857 3155 1122 3217 imprecationibuaque
1141 3153 1277 3210 corrigunt.

278 3219 415 3284 aliquandi>
436 3221 467 3268 ad
478 3223 595 3282 verbera,
610 3223 661 3295 imo
672 3225 703 3272 ad
722 3227 832 3273 remedia
846 3226 968 3272 severiora
982 3224 1010 3268 ut
1028 3231 1168 3278 carcerem,
1180 3215 1194 3267 ὲ
1204 3221 1277 3272 domo

250 3289 351 3354 paterna
359 3289 506 3350 expulsum,
518 3291 756 3353 exhaeredatlonem‚
767 3292 958 3343 deveniendum.
969 3291 1020 3336 Non
1028 3291 1130 3348 possunt
1140 3291 1224 3338 tamen
1233 3305 1278 3352 pa·

223 3364 231 3372 ’
253 3360 332 3408 rantes
340 3358 404 3406 tilios
413 3358 528 3406 mutilare
543 3361 586 3406 aut
596 3351 744 3422 vulnerare,
754 3363 812 3424 quia
821 3361 977 3422 plenamnon
990 3357 1082 3404 habent
1100 3357 1127 3404 in
1141 3371 1185 3422 eos
1195 3362 1278 3421 potee-

251 3429 334 3478 tatem.

244 3553 247 3558 Ι
282 3496 313 3560 (e)
325 3490 384 3554 urst
391 3493 495 3554 peccant
503 3495 546 3554 qui
555 3493 617 3541 illios
627 3495 679 3550 Deo
689 3506 738 3542 non
749 3493 928 3554 commendant,
937 3489 1062 3554 praecipat
1069 3489 1151 3542 culmis
1158 3493 1199 3544 visi
1210 3495 1276 3544 recta

250 3563 392 3622 discedunt,
404 3555 460 3610 cum
470 3564 559 3610 statum
571 3561 678 3622 eligunt,
690 3567 715 3612 et
726 3557 781 3611 cium
792 3575 824 3611 ex
835 3563 926 3610 mundo
938 3563 1083 3624 migrarunt.

280 3634 340 3680 Nota
352 3646 359 3678 z
371 3631 418 3690 Qui
429 3627 572 3692 officiaerga
581 3633 644 3680 lilios
654 3645 704 3680 non
714 3633 832 3694 implent,
844 3633 947 3680 istorum
968 3635 1127 3694 peecatorum
1143 3633 1276 3694 participes

251 3703 306 3763 plus
313 3697 425 3750 minusve
437 3701 593 3762 efficiuntur,
605 3703 678 3762 atque
691 3703 810 3764 tenentur
823 3703 972 3762 iniustitias,
984 3703 1072 3751 damna
1094 3714 1206 3764 reparare
1218 3697 1275 3748 curn

252 3763 384 3830 potuerunt
395 3772 421 3817 ot
430 3769 570 3821 debuerunt
588 3771 708 3830 impedire
718 3804 726 3832 ,
736 3785 782 3820 nec
794 3767 915 3820 fecerunt.
927 3772 976 3820 Sed
983 3773 1109 3833 disputant
1118 3769 1224 3828 flreolopi
1233 3767 1275 3826 tu-

251 3838 410 3899 risqueperitt
428 3837 459 3887 ale
474 3839 663 3890 circumstantiis
677 3842 805 3904 inquibus
818 3843 951 3894 teneantur
962 3844 1053 3903 patres,
1064 3839 1159 3898 marltt,
1167 3838 1274 3899 domiai,
