2990 4672
185 267 187 275 ⁴
263 251 331 338 ciiii
622 268 924 350 neneccarrs.

289 354 353 410 item
361 359 392 409 ab
405 368 479 420 opere
486 355 551 406 malo
560 353 688 408 nemerici
699 359 884 421 distinguuntur
894 358 963 409 actus
970 355 1110 422 erariiqnl
1120 361 1169 410 nin
1177 360 1240 414 linui
1249 373 1282 414 ex

256 428 396 477 intentione
406 426 496 486 operis,
508 425 555 474 etsi
564 437 636 486 opus,
646 440 671 476 v.
683 441 717 487 g„
727 428 855 477 fornicatio
865 429 990 490 sequatur.
1002 429 1027 476 Si
1038 423 1121 478 autem
1134 429 1234 480 liariter
1244 433 1283 480 ini
1302 465 1303 468 κ

258 499 369 546 tentione
379 495 470 554 operis,
480 507 530 542 non
540 495 599 542 sunt
606 496 710 556 peecata
720 497 844 557 distincta,
853 497 879 545 et
889 497 1041 546 sufficienter
1052 498 1078 545 in
1089 499 1141 560 ipso
1152 511 1226 560 opere
1239 500 1284 548 de·

258 567 383 616 cierentur
392 565 419 612 ln
434 563 603 624 confessione,
614 563 687 614 moui
695 579 745 614 non
754 567 830 614 tuerit
837 567 984 627 interruptio
992 566 1119 618 notabilis.
1130 563 1167 616 ni
1176 563 1283 634 eommuj

258 629 370 682 nissimi.
382 629 456 681 secde
464 633 540 681 sentit
546 628 575 680 ⁶1³.
586 635 646 680 Gab.
658 635 714 682 rint.
723 635 943 684 Debentdeclarari
957 633 1092 694 generatim
1098 641 1109 696 ,'
1115 637 1206 697 inquit,
1214 638 1281 696 quia,

181 716 183 726 ·
258 703 288 750 ut
296 703 332 750 ait
341 703 371 748 D.
381 702 518 762 Antoninus
523 734 533 760 ,
542 705 663 762 peccatum
674 701 739 752 tenid
750 707 845 765 merim
852 707 885 752 cet
895 699 982 764 quenid
990 707 1063 764 ptura
1077 709 1226 754 concurrunt.
1235 704 1284 753 Sed

258 773 344 832 praxis
352 773 390 820 est
400 773 531 822 contraria.
543 771 616 819 Aliud
627 772 757 820 dicendum
768 773 867 821 videtur
877 773 907 820 de
919 773 1061 834 actilmsqui
1071 775 1153 822 aetum
1161 776 1283 836 principa·

258 841 311 892 lem
321 841 518 901 subsequentum
527 841 586 900 quia
596 835 653 888 cium
663 841 818 902 contendant
826 841 857 902 ad
866 839 939 890 modo.
947 843 1074 902 peractum
1084 855 1159 904 opus,
1170 845 1211 893 vel
1221 840 1284 892 liunt

258 908 292 956 oo
303 907 460 968 seipsos,vel
471 907 576 956 tendunt
586 909 618 956 acl
627 921 718 956 novum
728 921 796 968 opus.

289 973 358 1026 Circa
369 975 540 1036 cogitationem
548 989 667 1025 morosam
679 977 869 1036 subsequentem
880 974 962 1025 statim
971 989 1080 1037 opus,.v.
1097 989 1131 1038 g„
1142 967 1283 1026 fornicatio:

258 1057 327 1106 nem,
338 1047 415 1106 magis
426 1045 545 1094 dissident
555 1057 587 1092 an
597 1038 688 1094 novum
697 1047 825 1106 peecatum
836 1045 876 1094 sit.
888 1046 1017 1095 Affirmant
1024 1047 1116 1105 plures.
1127 1048 1218 1106 Negant
1228 1049 1284 1102 alii,

189 1117 192 1121 '
243 1113 281 1171 ‚si
290 1113 322 1162 sii
332 1114 594 1173 meraeonrplacentia,
608 1115 666 1174 quia
685 1116 723 1162 est
733 1114 834 1174 eftectus
849 1115 967 1163 naturalis
982 1113 1085 1174 peceati.
1096 1116 1122 1162 Si
1137 1117 1170 1168 sit
1183 1116 1282 1166 moralis

259 1170 426 1242 interrdptio,
444 1183 582 1230 asinorum
594 1183 731 1243 peccatum.
748 1183 773 1230 Si
792 1179 806 1231 ὁ
821 1177 918 1242 coniri,
929 1179 1112 1230 videtursolrlm
1124 1183 1283 1230 circumstan-

258 1251 295 1305 aa
305 1263 437 1310 aggravans
446 1251 603 1310 notabiliter,
614 1252 634 1298 si
643 1249 752 1299 consulid
763 1247 858 1312 longiis
868 1252 949 1299 duret.
960 1250 1034 1311 (Vide
1044 1251 1073 1298 66
1084 1252 1129 1298 sub
1139 1249 1233 1312 linem).

210 1311 211 1316 ’
288 1315 1281 1390 itemstadjunctaesinteirenmsiantiaeextraordinariaperse‘malaaelmer·

257 1385 427 1436 intercesserit
435 1387 560 1446 notabilis3
570 1386 720 1436 declarandae
730 1389 795 1437 sunt.
962 1385 968 1392 ’

606 1542 933 1612 reincrrruuruia).
995 1553 1007 1567 ·‘
1052 1609 1083 1622 ,—
1129 1531 1132 1535 “
1171 1555 1173 1566 r

305 1715 374 1781 ¹9⁰·
389 1686 670 1756 Mmrnnrcmrm
682 1687 807 1754 tandem
817 1701 963 1780 peccata,
976 1688 1099 1783 quamdi)
1113 1707 1218 1757 eorum
1228 1690 1282 1758 oh·

260 1787 356 1876 jecta,
371 1781 531 1852 moraliter
547 1781 706 1861 distincta,
725 1779 822 1860 multa
835 1796 921 1864 sunt,
938 1781 1058 1850 etiamsi
1071 1782 1163 1852 unica
1175 1783 1216 1850 sit
1229 1809 1282 1852 ve·

260 1877 385 1948 luntatis
399 1875 630 1958 determinatio,
643 1898 711 1967 quae
727 1890 801 1941 tunc
814 1891 952 1943 censetur
963 1871 1137 1970 multiplex.

300 1975 404 2043 Porrd
419 1972 540 2060 objecta
549 1995 677 2038 numero
689 1967 802 2038 morali
813 1969 958 2050 distincta
972 1987 1142 2054 censentur,
1157 1971 1281 2064 quande

199 2126 203 2136 .
259 2069 294 2138 in
311 2094 376 2138 esse
392 2066 488 2139 moris
503 2082 573 2134 sunt
593 2065 638 2134 iti
651 2065 774 2136 diversa
796 2091 832 2134 ac
856 2065 1034 2160 disparata,
1048 2082 1082 2134 ut
1101 2092 1164 2134 non
1181 2093 1214 2136 se
1227 2065 1282 2137 ha·

231 2224 232 2227 ,
261 2165 353 2233 beant
366 2189 422 2256 per
438 2163 571 2240 modum,
579 2161 685 2244 unius,
699 2162 776 2229 adelo
789 2177 823 2230 ut
833 2187 946 2246 unum,
961 2159 1091 2240 seorsim
1105 2177 1280 2259 sumptum,

261 2257 449 2348 completum
467 2271 496 2321 et
510 2255 683 2347 perfectum
693 2255 894 2346 intelligatur.

297 2349 384 2438 Vel,
396 2347 424 2436 si
437 2347 515 2414 velis
529 2378 536 2413 :
549 2349 672 2439 quando
681 2372 743 2414 non
757 2349 930 2430 coalescunt
947 2346 981 2414 iu·
991 2373 1097 2432 umrm.

302 2443 340 2512 Si
359 2439 435 2533 uelis
448 2439 558 2518 ⁴adhuc
576 2471 583 2506 :
603 2439 685 2507 Ciam
700 2467 794 2510 unum
817 2467 879 2508 non
894 2457 939 2508 est
953 2467 1026 2534 pars
1049 2439 1190 2527 alterius,
1215 2443 1280 2516 sive

260 2538 335 2634 quia
357 2561 421 2605 non
433 2549 506 2624 sunt
522 2550 626 2628 partes
644 2533 678 2602 in
691 2561 786 2602 unum
801 2535 928 2630 aliquod
942 2536 1108 2621 intrantes,
1130 2539 1193 2607 sive
1207 2539 1280 2631 quia

260 2659 324 2702 non
349 2630 533 2710 ordinantur
557 2629 598 2707 ad
622 2629 875 2712 eumdemfinem
890 2647 920 2701 ct
940 2631 1024 2702 idem
1038 2657 1113 2732 opus
1138 2659 1280 2714 consucta·

260 2728 475 2816 mandum-(bd‘
869 2755 872 2760 r
1247 2729 1250 2735 ⁴

302 2821 390 2892 Nota
404 2827 446 2888 1⁰.
470 2817 610 2914 Populus
623 2817 731 2886 rudior
744 2843 808 2906 non
823 2834 871 2888 est
882 2846 952 2888 cum
967 2823 1052 2890 tanti
1065 2821 1217 2890 anxietate
1236 2821 1288 2890 in·.

260 2917 424 2988 struendus
449 2914 536 2989 cirea,
545 2912 734 2982 numericam
755 2930 951 3008 peecatorum
966 2916 1211 3000 distinctionem,
1226 2919 1286 2988 sed

262 3027 367 3079 tamen
379 3011 528 3098 nonvagc
542 3006 757 3098 necsegniter.
773 3009 938 3078 Sufficitui
951 3026 1078 3102 peccata
1088 3012 1288 3080 declarentur

260 3103 395 3199 qualiter
419 3103 604 3184 factasunt,
624 3116 654 3170 et
676 3102 715 3170 de
734 3104 853 3173 caeteris
868 3103 1088 3187 cornfes'sarius,
1111 3105 1139 3172 si
1163 3103 1281 3194 judicet

230 3219 232 3224 ’
256 3197 486 3280 necessarium,
500 3196 629 3274 ulterius
637 3196 782 3290 inquiret.
1171 3280 1174 3287 1

304 3294 371 3363 Sed
381 3293 491 3362 nec'sit
502 3293 568 3386 ipse
578 3293 800 3391 scrupulosior,
811 3319 867 3360 nec
882 3293 922 3360 ad
933 3289 1108 3359 matheseos·
1114 3293 1217 3388 apices
1226 3319 1281 3364 1111·

262 3383 384 3458 nicrum
406 3387 569 3480 investiget
577 3390 588 3469 ,’
596 3381 918 3478 quandi'eorumdem
935 3391 1132 3478 peccatorum
1145 3391 1282 3482 Jmagnus

264 3491 331 3566 est,'
344 3481 518 3576 praesertim
532 3481 557 3550 si
573 3481 634 3551 sint
648 3485 754 3550 contri
766 3481 946 3548 castitatem.
1109 3486 1112 3490 ’
1214 3487 1216 3490 ’

307 3584 352 3644 2⁰.
376 3575 588 3652 Communiter
612 3577 710 3666 major
736 3579 781 3644 est
804 3572 924 3642 malitia
949 3572 1123 3645 in'duobus
1146 3573 1287 3672 'peccati-sx

265 3675 357 3764 quarn
369 3673 402 3738 in
417 3699 477 3751 rino
491 3672 779 3778 peridem-tempus
802 3669 995 3758 continuato,
1024 3673 1098 3766 quia
1125 3668 1287 3750 ordinarie

264 3765 364 3854 major
377 3783 421 3837 est
436 3765 634 3841 deliberatio..
1044 3770 1050 3776 ”
