2932 4658
247 328 320 421 374
386 349 441 421 un
463 341 648 424 superno
670 343 722 398 nr
743 343 912 399 nucrmo
935 341 1168 398 remunero

277 437 311 501 (c)
322 437 374 490 Sub
384 439 482 486 strumo
496 434 602 484 d'outrut
621 434 864 494 comprehenduntur
879 433 956 494 sylva
970 431 1137 493 commistos,
1161 429 1188 480 ct
1202 429 1279 492 syrio

245 504 464 562 communitatum,
475 502 637 562 hospitiorum
648 503 802 562 aliarumque
819 503 990 569 communium
1009 499 1279 564 institutionum,quia

245 577 301 636 iege
314 572 480 622 assimilantur
487 571 587 632 praedtr's
604 570 805 632 particularibus.

274 637 368 692 Varium
384 653 457 688 nemo
475 639 557 700 potest
567 651 600 689 ex
610 639 691 688 oiiicio
701 638 852 688 insecutioni
874 638 1004 696 orubiaccre
1023 637 1056 686 ob
1072 637 1231 687 venationem
1250 635 1278 687 in

244 713 342 761 terreno
351 709 484 758 communi.
496 711 533 758 Ex
550 709 643 756 arresio
653 709 729 756 curlae
739 711 766 756 dc
777 709 903 766 casatos,
915 708 945 755 io
955 707 1042 765 tuillct
1053 707 1122 756 180⁷.
1136 709 1246 759 Tooltt‘er.

230 774 233 779 ’
276 777 312 841 (ci)
324 777 557 828 Piscatioiniiuriis
566 777 806 838 uonnarigabiiiirus
815 777 924 838 pertinet
933 775 964 824 ad
972 775 1276 838 proprietariosriparum.

243 977 246 984 -
284 936 361 1022 397.
376 930 495 1020 Injusta
508 945 579 1000 sunt
591 929 717 1001 venatio
730 944 762 999 et
774 929 922 1027 piscatio,
941 955 978 1000 ac
991 929 1122 1026 proinde
1135 930 1177 1002 ad
1186 931 1277 1003 resti-

240 1027 394 1096 tutionem
407 1026 548 1118 obligant

286 1128 318 1189 1⁰
326 1121 410 1192 Cum
422 1123 500 1190 fiunt
513 1121 547 1190 in
559 1121 637 1191 locis
652 1119 777 1204 clausis,
792 1119 891 1188 autin
903 1120 1038 1213 stagnis,
1052 1135 1185 1216 tuncque
1197 1121 1275 1218 ipsae

241 1217 337 1300 serae,
364 1217 464 1311 iPsive
483 1216 605 1312 pisces,
633 1231 687 1284 aut
707 1213 797 1286 valor
810 1242 882 1286 cum
899 1217 1040 1303 damnis,
1064 1217 1093 1288 si
1107 1243 1175 1314 quae
1188 1219 1273 1306 sint,

241 1309 451 1406 proprietario
469 1311 660 1380 restituenda
672 1325 755 1380 sunt.

285 1413 319 1474 2⁰
339 1407 423 1476 Cium
435 1411 485 1499 jus
499 1406 631 1478 venandi
645 1405 855 1502 autpiscandi
872 1409 914 1477 ad
927 1407 1064 1502 aliquem
1076 1409 1208 1480 attinens
1222 1411 1273 1500 (α)

240 1501 378 1592 graviter
397 1501 542 1585 laeditur,
568 1529 600 1570 v.
625 1525 680 1590 g.,
704 1500 803 1570 multa
823 1516 853 1571 et
876 1503 1065 1596 pretiosiora
1085 1505 1270 1590 occidendo,

238 1596 374 1664 maxime
388 1596 541 1668 foemineae
555 1595 671 1665 sobolis
681 1628 690 1676 ;-
702 1621 849 1688 magnam
862 1597 995 1692 piscium
1008 1600 1209 1693 quantitatem
1221 1625 1273 1670 vc-

239 1715 320 1760 neno
345 1691 580 1770 interficieud03
604 1691 728 1761 'ratibus
753 1693 868 1762 strictis
893 1694 1028 1789 speciem
1051 1696 1185 1764 multum
1206 1695 1272 1764 mi*

239 1786 384 1865 nuend03
403 1787 514 1854 crebri
526 1786 620 1855 nimis
642 1785 814 1882 piscatione
827 1787 878 1856 vel
896 1789 1023 1870 fraude,
1047 1789 1195 1858 animalia
1207 1791 1272 1860 aliis

239 1879 392 1948 divertere
406 1881 635 1975 compellendo,
660 1881 705 1948 ita
719 1897 753 1946 ut
766 1883 813 1968 jus
827 1880 961 1945 venandi
974 1895 1027 1944 aut
1039 1882 1196 1972 piscandi,
1215 1901 1270 1953 aut

197 1969 203 1979 ¹
238 1972 369 2040 facultas
382 1973 461 2041 illini
474 1975 544 2044 aliis
558 1973 682 2042 locandi
690 1970 872 2038 'notabiliter
886 1969 1055 2039 minuatur.

280 2067 346 2136 Sed
359 2068 564 2141 communiter
578 2070 689 2138 docent
700 2090 763 2131 non
771 2063 855 2132 feras
868 2063 953 2159 ipsas
963 2081 1015 2134 aut
1027 2067 1166 2138 valorem
1179 2071 1270 2142 resti·

173 2233 175 2240 ,
237 2164 363 2248 tuenda,
378 2163 453 2258 quia
461 2163 574 2232 nullius
583 2175 668 2240 sunt3
684 2159 740 2226 sed
751 2160 899 2228 damnum
908 2160 1041 2248 illatum,
1056 2160 1187 2236 arbitrio
1196 2192 1269 2263 pret-

237 2257 339 2328 dentis
354 2258 589 2335 estimandum,
608 2253 749 2348 reparari
763 2255 869 2324 debet.
1251 2274 1254 2282 ’

277 2351 322 2422 Et
334 2353 507 2448 reparanda
519 2350 634 2416 damna
647 2349 821 2441 segetibus,
836 2349 936 2419 vineis
949 2349 1056 2423 illatas
1084 2397 1087 2402 ,
1135 2347 1138 2352 ’

277 2447 324 2516 Et
350 2451 390 2517 ab
416 2442 600 2513 habentibus
627 2444 677 2534 jus
701 2444 834 2514 venandi
858 2447 1034 2539 reparanda
1060 2447 1174 2520 damna
1195 2455 1267 2548 qu'ae

236 2542 394 2636 patiuntur
407 2537 552 2629 agricolae
566 2563 605 2606 ex
617 2537 716 2608 nimia
728 2539 868 2610 ferarum
880 2541 1150 2638 multiplicatione.

267 2721 304 2786 (o)
315 2720 360 2768 vel
374 2717 406 2768 ud
415 2717 611 2782 rempublicam,
625 2731 680 2794 quac
689 2719 785 2776 ratione
797 2721 906 2784 publicae
919 2679 1037 2776 utilitatis
1051 2724 1207 2778 venationem
1220 2709 1267 2792 reg·

235 2791 294 2842 tuit.
303 2789 375 2838 cottct
380 2820 389 2846 ‚
400 2789 517 2846 Bituort,
529 2789 579 2836 etc.
1246 2793 1250 2799 '

265 2858 333 2906 idern
343 2855 404 2905 dicit
416 2857 446 2906 P.
455 2857 517 2938 Gaii.
528 2857 585 2904 Ant.
595 2856 626 2906 de
635 2855 693 2918 lure
704 2859 899 2920 communitatis.

692 2956 803 2970 *ί

275 3000 349 3087 398.
374 2999 459 3067 Fera
471 3001 516 3068 ita
535 3027 681 3094 percussa
703 3017 738 3070 ut
752 3005 890 3096 effugere
911 3006 1119 3100 ampliissima
1140 3010 1261 3099 valeat,

232 3090 290 3162 etsi
297 3091 331 3160 in
341 3093 485 3188 laqueum
494 3095 618 3165 alterius
628 3095 757 3181 incidat,
773 3115 818 3168 est
827 3099 1026 3186 virinerantis,
1038 3103 1065 3171 si
1072 3123 1183 3200 pergat
1193 3132 1260 3178 eam

231 3189 373 3282 insequi,
387 3193 471 3258 certo
484 3191 643 3260 moraliter
654 3193 702 3280 (a)
719 3219 787 3262 earn
800 3195 1058 3290 apprehensurus.

276 3283 392 3369 Socim,
417 3285 444 3354 si
461 3285 500 3353 sit
524 3287 625 3354 solium
639 3290 788 3369 excitata,
815 3306 869 3360 aut
881 3291 992 3362 leviter
1004 3293 1181 3380 vulnerata,
1206 3313 1261 3370 aut

230 3403 294 3449 non
308 3379 439 3476 amplius
453 3399 675 3476 prosequatur,
693 3401 751 3454 etc.
769 3385 830 3471 (b).

271 3471 401 3568 Laqueo
416 3475 637 3572 comprehensa
648 3481 783 3574 pertinet
797 3479 838 3548 ad
852 3503 922 3548 cum
935 3478 990 3572 qui
1003 3478 1150 3575 laqueum
1163 3499 1260 3572 totou-⁵

232 3565 295 3652 dit,
309 3596 372 3638 non
385 3570 426 3640 ad
440 3569 664 3660 invenientem,
679 3575 740 3645 nisi
752 3573 844 3643 facile
857 3577 994 3670 potuerit
1008 3579 1152 3651 evadere.

262 3731 365 3798 (o)11aec
381 3737 473 3788 addunt
482 3739 574 3802 piures.

262 3801 296 3864 (b)
307 3805 375 3854 'l'unc
386 3808 453 3855 enim
464 3810 501 3856 est
511 3805 580 3868 priris
590 3809 744 3872 occupantis,
754 3809 830 3860 ctiam
839 3811 868 3862 in
878 3813 954 3864 dubio
962 3828 995 3865 un
1005 3815 1093 3868 inisset
1102 3819 1254 3880 apprehenso

228 3867 476 3944 institutionesque
486 3871 579 3928 molior
585 3881 622 3932 cst
627 3879 835 3944 apprehendentis
845 3883 961 3936 conditio.
968 3881 1042 3959 Juxtt
1052 3887 1113 3938 alios
1122 3886 1253 3938 dividenda
