2990 4672
293 326 348 404 86.
623 349 677 402 mr
699 346 992 402 saceauanro

332 431 387 503 'Aa
397 447 459 504 tres
470 433 692 507 autem'renmr
705 435 824 527 species
838 436 977 505 revocari
988 429 1118 530 possunt
1127 430 1197 530 quae
1205 437 1322 512 directe

293 531 342 604 vel
355 531 506 600 indirecte
521 531 634 602 cadunt
648 530 706 601 sub
719 547 838 602 secreto
855 531 1089 618 sacramentali,
1100 549 1233 628 suntque
1246 566 1254 604 ι
1265 563 1273 606 ,ὲ

335 627 512 724 ζῖΡεοεᾳῑᾳ
527 642 560 696 et
569 627 710 698 defectus
721 627 887 698 naturales.

285 746 287 749 ·
310 745 312 748 ·
329 712 368 791 ’Ξο
381 723 465 806 Res,
484 722 561 818 ¹quae
574 725 781 794 manifestatae
801 739 967 816 vergerent
980 724 1016 792 in·
1030 723 1179 793 damnum
1192 725 1244 796 vel
1254 751 1323 819 gra-

282 835 418 904 vamen,
428 819 631 890 etiamsolum
642 820 872 915 apprehensum
886 819 1081 916 poenitentis,
1096 821 1147 890 vel
1160 822 1300 892 alterius.

281 941 300 950 ’·
331 921 366 984 3⁰
379 916 429 986 Ea
453 939 521 1011 quae
533 933 608 985 nata
633 924 713 985 sunt
727 917 862 986 reddere
876 917 1102 989 confessionem
1120 917 1170 988 vel
1193 919 1324 990 minimi.

290 1010 447 1096 odiosam,
465 1027 518 1080 aut
531 1011 742 1091 difficiliorem
750 1065 764 1096 „
775 1011 803 1080 si
812 1012 1102 1084 manifestarentur„

331 1106 383 1174 Ita¹
394 1123 429 1175 ut
441 1107 586 1192 scientia,
603 1134 641 1176 ex
657 1107 849 1176 confessione
867 1123 972 1202 parta,
991 1107 1032 1178 sit
1047 1107 1130 1178 circa
1152 1111 1214 1178 tria
1233 1107 1324 1196 haec,

282 1201 324 1270 in
341 1227 465 1273 omnem
476 1229 567 1272 usum
578 1202 748 1287 societatis,
765 1203 844 1272 sicut
861 1203 960 1272 sinon
973 1219 1065 1272 esset.
1147 1243 1148 1248 1
1215 1267 1217 1272 .

301 1293 303 1296 ⁵
330 1298 413 1388 Quae
425 1299 611 1394 applicanda
627 1314 730 1382 erunt,
753 1300 820 1368 sive
841 1302 918 1392 erga
932 1299 1153 1395 particulares,
1169 1299 1235 1370 sive
1246 1301 1322 1393 erga

289 1394 542 1464 communitatem
556 1395 697 1488 sigillum.
708 1394 841 1464 violetur
852 1395 914 1482 (a).
949 1472 952 1478 Ἰ
981 1449 983 1456 l
1093 1408 1096 1416 ’

320 1598 358 1664 (a)
369 1602 534 1660 Communitas
543 1603 624 1660 enim,
636 1603 689 1650 aive
699 1602 882 1661 ecclesiastica,
894 1603 947 1651 sire
957 1603 1053 1662 civilis,
1064 1602 1106 1652 vel
1121 1601 1275 1662 congregatio
1284 1601 1325 1650 in*

288 1671 372 1729 tegra,
384 1683 472 1730 corpus
480 1672 531 1730 est,
541 1671 567 1718 et
577 1671 647 1730 quasi
657 1684 706 1718 una
714 1683 827 1731 persona.
839 1672 950 1720 Dicendo
961 1670 1019 1730 ergo
1028 1685 1061 1719 ex
1077 1673 1245 1732 confessione,
1257 1673 1284 1720 in
1292 1669 1323 1720 ea

289 1740 465 1788 communitate
476 1739 568 1798 patrari
578 1740 693 1798 crimina,
705 1741 746 1788 vel
759 1740 842 1792 talem¹
854 1742 1057 1788 communitatem
1072 1741 1267 1793 ecclesiasticam
1277 1741 1322 1788 lra-
1334 1742 1341 1752 '

288 1804 348 1853 bere
357 1808 495 1866 ebriosum,
507 1808 565 1866 etc,
576 1810 700 1856 secretum
712 1809 834 1859 violatur..

318 1876 349 1922 ut
359 1875 412 1923 haec
421 1875 451 1922 ad
457 1877 599 1936 parochiam
607 1875 745 1935 praesertim
754 1889 857 1940 parvam
865 1876 967 1924 extendi
976 1875 1081 1936 debent3
1089 1873 1138 1924 imb
1146 1875 1218 1936 juxta
1226 1877 1321 1937 plures,

287 1943 320 1990 ad
331 1945 458 1992 civitatem
476 1943 485 2008 (
494 1948 579 2006 prome
599 1946 746 2005 Bajoccnrb,
766 1943 885 2007 steyaert)
897 1947 918 1992 si
935 1946 1077 2004 diceretur,
1089 1959 1113 1993 v.
1128 1959 1162 2005 5.,
1181 1945 1218 1992 ibi
1236 1945 1321 2006 plures
1343 1957 1347 1964 ’

244 2016 246 2021 “
288 2013 488 2073 csse'adulteros,
500 2017 558 2074 etc,
573 2015 614 2064 vel
625 2027 686 2075 opus
695 2015 827 2064 tribunalis
837 2015 874 2062 ibi
886 2027 940 2062 esse
950 2014 1069 2074 difficile,
1085 2015 1121 2062 ibi
1133 2026 1242 2074 regnare
1253 2015 1325 2073 igno«

243 2076 247 2084 ’
287 2083 405 2142 amttam,
418 2085 466 2136 etc.
478 2083 535 2134 llaec
547 2084 614 2133 enim
631 2086 657 2132 et
668 2085 762 2132 similes
780 2085 918 2144 locutiones
928 2083 982 2131 loca
993 2084 1020 2130 et
1035 2083 1101 2144 ipsos
1111 2083 1273 2143 particulares
1284 2083 1321 2130 iu·

286 2147 445 2202 f'amant.1mb
456 2154 540 2201 nescio
549 2147 632 2201 utrdm
637 2154 803 2214 scrupulosior
809 2154 873 2200 esset
878 2153 920 2212 qui
929 2153 981 2200 baec
992 2151 1139 2200 extenderet
1147 2151 1179 2197 ad
1185 2151 1323 2210 regionem.

286 2217 357 2269 Certe
367 2223 458 2280 non‚si
469 2223 501 2270 sit
515 2223 663 2282 paranuae
679 2223 782 2271 enimin
798 2235 827 2270 ea
844 2235 947 2270 manens
959 2219 1098 2282 praesertim
1114 2221 1217 2268 honesta
1226 2219 1321 2280 puella,
1338 2237 1344 2245 ²

283 2301 337 2338 ,nou
346 2290 436 2336 rubore
446 2290 644 2348 suffunderetur,
657 2291 692 2348 si,
702 2305 727 2338 v.
739 2304 773 2352 g,
785 2293 884 2352 audiret
896 2291 1079 2340 confessarium.
1088 2291 1214 2338 dicentem
1225 2289 1322 2350 puellas

287 2357 342 2415 ejus
358 2357 465 2414 regionis
481 2369 535 2404 esse
555 2359 685 2417 mollitiei,
697 2361 761 2418 etc,
772 2359 886 2407 deditas?
901 2362 951 2408 Nec
968 2362 995 2407 in
1006 2361 1046 2407 his
1062 2361 1213 2408 excusantur
1228 2360 1320 2420 impru-

287 2425 374 2473 dentes
392 2423 547 2486 confessarii,
567 2427 670 2474 dicendo
690 2440 744 2474 rem
764 2427 795 2474 dc
812 2427 860 2488 qni
875 2431 1024 2490 loquuntur,
1038 2441 1093 2478 esse
1108 2429 1247 2488 publicam,
1260 2428 1321 2476 talia

286 2494 353 2542 ferre
372 2505 509 2552 rumorem,
521 2497 580 2554 etc,
598 2509 626 2542 se
649 2493 854 2558 proinddlocum,
867 2500 1024 2560 parochiam,
1040 2501 1105 2556 etc,
1125 2508 1174 2544 non
1191 2498 1321 2546 infamare.
1422 2497 1426 2504 '

286 2557 453 2623 Praeterquam
463 2559 529 2622 quod
539 2565 607 2611 enim
618 2565 665 2612 hoc
674 2553 739 2624 saepd
750 2575 881 2624 negarem,
891 2563 933 2614 lde
945 2579 994 2614 non
1010 2567 1091 2626 agitur
1102 2566 1133 2612 de
1151 2565 1320 2616 diffamatione

286 2628 403 2693 praecise,
415 2633 457 2678 sed
468 2632 498 2679 de
509 2633 645 2682 violatione
655 2635 740 2692 sigilli.
750 2631 837 2693 Porro,
850 2636 877 2683 ut
891 2636 1001 2684 violetur
1011 2635 1134 2694 sigillum,
1152 2633 1244 2680 sufficit
1254 2629 1318 2694 qudd

286 2713 327 2750 res
337 2702 434 2750 dicatur
444 2696 561 2761 tanquim
570 2713 602 2748 ex
610 2701 763 2753 confessione
774 2703 884 2762 eogrrita3
895 2705 953 2762 quia
973 2703 1072 2751 additur
1081 2701 1177 2762 pondus
1191 2701 1262 2748 famae
1272 2715 1318 2762 pn·
1340 2731 1342 2738 ,

287 2772 369 2820 blica.
378 2771 503 2830 Numquid
513 2771 581 2817 enim
592 2771 622 2818 de
633 2773 778 2831 particulari
792 2769 905 2832 publice,
924 2767 973 2826 im'o
982 2767 1089 2830 iuridici
1099 2771 1240 2828 diffamato,
1252 2772 1278 2819 et
1288 2771 1319 2820 de

270 2870 271 2877 1
287 2843 360 2900 cujus
370 2841 474 2889 crimine
484 2851 557 2888 nemo
568 2837 679 2900 dubitat,
692 2840 813 2890 auderent
827 2839 910 2888 dicere
921 2854 928 2887 ε
939 2855 976 2890 res
994 2855 1052 2890 vern
1064 2843 1114 2899 ert,
1130 2841 1192 2902 opud
1208 2851 1245 2888 rac
1263 2853 1317 2889 core

288 2910 419 2972 [camerati
441 2950 444 2953 .
869 2959 872 2966 ‚

319 2981 382 3026 ilinc
393 2977 474 3025 vetuit
484 2977 596 3024 Clemens
603 2977 657 3022 Vlll
665 2977 839 3037 Superioribus
850 2977 1054 3026 communitatum
1062 2977 1227 3037 regularium,
1236 2989 1268 3026 ne
1276 2989 1318 3027 no·

282 3046 345 3096 ,titia
353 3059 398 3106 per
409 3045 587 3093 confessionem
598 3045 666 3106 parti
678 3049 808 3095 uterentur
821 3047 853 3093 ad
868 3047 988 3106 regendas
1000 3048 1196 3094 communitates.
1209 3047 1278 3102 Quod
1288 3045 1318 3092 ad

287 3117 491 3177 gubernationem
502 3115 624 3175 parochiae
635 3112 723 3163 merito
736 3115 848 3163 extendit
857 3116 985 3163 lllethodus
995 3114 1184 3165 bisuntinensis.
1194 3113 1239 3158 illa
1251 3115 1324 3164 enim,

286 3183 436 3244 prohibitio,
447 3184 560 3243 quamvis
570 3184 629 3231 solis
638 3185 793 3242 regularibus
804 3183 867 3230 facta
882 3183 963 3230 videri
980 3183 1066 3242 possit,
1075 3181 1174 3237 utjuris
1188 3179 1267 3227 divini
1278 3182 1315 3228 in-

287 3253 448 3311 terpretativa
458 3247 472 3299 'a
483 3263 531 3298 non
542 3265 591 3300 uno
602 3252 717 3314 habetur,
727 3253 758 3299 ob
768 3250 907 3312 periculum
914 3249 1041 3298 indirecte
1050 3249 1137 3296 saltem
1148 3249 1316 3300 revelationis.
1354 3274 1357 3282 1

319 3319 442 3370 ›lfortlori
453 3321 506 3370 haec
517 3321 636 3382 dicenda,
646 3322 668 3370 si
678 3322 764 3381 agatur
774 3320 805 3368 de
816 3320 902 3368 dandis
910 3319 987 3368 alicui
1004 3317 1106 3366 familiae
1117 3318 1236 3368 consiliis.

748 3429 864 3446 Ἀ

334 3502 455 3588 109.‘1⁰
465 3495 600 3566 Peccata
614 3511 645 3564 et
657 3495 796 3564 delectus
805 3493 973 3563 naturales.
1016 3549 1019 3556 .
1041 3551 1046 3558 .

329 3594 396 3662 Sub
411 3593 545 3686 peccatis
557 3590 775 3683 eutcmsigillo
789 3589 921 3658 occlusis
933 3589 1237 3684 comprehenduntur
1249 3614 1313 3682 pce.

290 3704 358 3756 cata
372 3691 464 3756 etiam
479 3688 620 3784 publica,
632 3691 783 3781 quateniis
801 3711 838 3756 cx
852 3685 1142 3760 consessionouota.

331 3782 464 3852 Peccata
473 3785 668 3867 mortuorum
679 3783 740 3869 (a).

330 3879 465 3950 Peccata
475 3881 627 3964 venialia,
639 3879 746 3952 saltem
758 3879 790 3946 in
804 3877 906 3974 specie
919 3879 1074 3951 declarata
1089 3878 1155 3961 (b),
