2932 4658
581 257 814 318 nrolnoor.
1144 240 1214 342 369

230 353 328 426 Nota.
344 351 485 421 1⁹Venee
497 347 660 427 metallicae
670 349 739 439 jure
751 347 886 418 naturali
897 341 1104 444 pertinent'ad
1118 348 1217 418 donii-

189 475 261 519 nnm
273 449 382 532 fundi,
398 446 472 539 quia
482 445 564 514 illius
574 459 645 514 sunt
653 469 727 539 pars
736 445 798 530 (d).

231 551 265 613 2⁰
280 543 347 634 Qui
367 542 426 611 seit
439 541 473 609 in
495 541 591 608 fundo
614 539 713 610 latere
736 539 915 611 thesaurum
926 543 1055 634 {potest
1084 536 1217 609 sunium

188 664 294 709 emere
310 638 412 732 pretio
432 636 581 721 currenti,
603 636 678 728 quie
699 634 859 704 thesaurus
876 645 938 704 non
961 650 1095 726 estpars
1111 635 1221 712 fundis

187 735 245 803 sed
270 735 385 802 nullius
400 749 444 802 est
451 731 507 818 (e).

231 830 296 899 Sed
315 831 343 900 si
361 830 426 920 jam
449 823 603 895 invenerit
616 825 814 905 nesactium,
827 849 891 892 non
904 824 1026 894 videtur
1041 849 1133 920 posse
1145 851 1217 896 eum

188 925 356 994 recondere
378 925 419 992 ad
435 923 599 1011 ernendurn
611 919 760 1002 frmdum,
774 935 809 987 ut
825 935 895 1004 toto
908 920 1052 989 thesauro
1085 921 1214 1002 otiatur,

187 1015 262 1106 quia
284 1015 349 1105 jam
362 1015 504 1084 inventus
528 1010 664 1106 pertinet
680 1037 740 1106 pro
754 1012 859 1083 medii
881 1028 971 1107 parte
991 1013 1033 1082 ad
1056 947 1217 1082 ‹iominum

187 1109 291 1178 fiendi.
387 1139 397 1150 ¹
687 1129 692 1136 ’
778 1141 782 1146 ·

168 1311 170 1316 -
217 1277 254 1344 (α)
265 1273 340 1328 suxtt
353 1275 532 1338 tollet,tntii1s
542 1275 689 1328 dividendus
700 1278 823 1340 estsquiu
833 1276 947 1326 (lominus
960 1275 1031 1326 lnndi
1040 1285 1090 1325 non
1101 1273 1214 1326 censetur

185 1349 301 1410 letojure
321 1361 365 1397 suo
382 1349 493 1396 cessisse.
509 1347 662 1397 Dividendus
678 1351 707 1398 P.
718 1349 777 1404 Aet.
788 1346 804 1396 ἀ
814 1349 907 1396 Goetlict
912 1363 922 1408 3
939 1347 1005 1408 quod
1018 1339 1167 1395 roitiormius
1176 1346 1217 1394 ri-

185 1418 259 1468 detur
267 1419 318 1478 iuri
326 1429 390 1467 noro
399 1418 462 1465 nihil
479 1417 651 1476 distinguenti.
735 1415 738 1421 '

218 1485 253 1550 (o)
264 1485 332 1535 'l'unc
340 1488 405 1535 totus
414 1485 452 1534 est
460 1485 555 1533 domini
563 1485 642 1533 fundi.
651 1488 682 1536 P.
696 1485 753 1535 Ant.
766 1483 890 1534 ostentio.
901 1483 1047 1546 Ductoribus
1056 1481 1217 1531 cesum-hune

185 1567 270 1604 rarum
278 1552 570 1614 decidendnmrellnquo‚
581 1554 687 1602 inclinor
692 1555 776 1602 nmen
787 1555 813 1600 in
823 1552 1008 1602 sententiani).
1019 1551 1074 1600 Ant.
1084 1545 1099 1598 ὲ
1109 1545 1216 1609 (lorini,

185 1625 245 1688 quia
254 1621 311 1673 ciun
320 1625 433 1672 <lominus
445 1636 477 1672 er
488 1636 585 1683 errore,
595 1623 626 1672 ab
636 1623 765 1672 inventore
774 1623 878 1684 ineesio,
890 1620 1056 1679 consenserit,
1068 1617 1218 1668 idemtide-

151 1716 159 1730 ·
185 1695 292 1744 luresse
301 1707 329 1742 ac
339 1693 361 1741 si
371 1705 420 1741 non
432 1693 604 1742 consensisset.
767 1691 770 1698 '
1251 1683 1268 1764 ζ
1345 1718 1349 1734 .

217 1761 338 1828 (o)Seci1s
358 1763 472 1828 apparet,
485 1762 506 1820 si
522 1775 572 1810 non
588 1760 846 1820 tueritjunustoterc
861 1759 892 1809 ud
901 1761 958 1808 hoe.
969 1759 1067 1822 Deluoo.
1078 1757 1216 1819 Quodeon-
1244 1805 1248 1817 .

185 1833 263 1881 forme
274 1832 374 1882 ridetur
391 1832 449 1880 cod.
466 1831 534 1880 ciril.
546 1825 582 1880 llll
598 1831 674 1879 etiam
693 1831 822 1879 annotator
836 1829 863 1877 in
880 1831 930 1878 Col.
948 1829 1041 1888 Andeg.
1055 1825 1215 1886 nectent,

185 1896 269 1950 contri
277 1901 410 1949 auctorem.
420 1899 500 1948 Media
511 1912 568 1960 pars
579 1895 636 1958 ergo
651 1899 744 1949 famulo
754 1900 794 1946 vel
805 1899 958 1949 mercenario
967 1898 1076 1946 cederet.

228 1969 251 2030 d)
263 1963 338 2015 luxti
356 1968 460 2024 Melina,
479 1968 607 2023 Lusium,
617 1967 711 2022 Delusso
722 1966 748 2011 et
765 1965 884 2022 inlinunt,
896 1965 917 2011 sl
931 1966 986 2023 quis
1002 1963 1103 2012 munito
1114 1963 1155 2013 rel
1164 1961 1217 2011 sin-

228 2036 264 2082 eri
274 2031 426 2095 perspicacis
436 2033 511 2080 sciret
521 2032 547 2078 ln
558 2031 634 2078 londo
644 2033 721 2078 latere
731 2029 870 2088 minorans,
880 2031 962 2088 posset
972 2027 1133 2079 nihilominus
1143 2029 1216 2077 illurn

186 2115 269 2152 ornere
277 2103 357 2164 pretio
366 2100 492 2159 currenti,
503 2100 562 2161 quia
574 2111 624 2146 non
633 2100 712 2159 pluris
723 2098 791 2146 valet
799 2099 826 2144 in
835 2097 959 2146 communi
975 2099 1103 2146 hominurn
1112 2101 1217 2150 aeslima'·

83 2175 88 2182 '
184 2173 252 2223 tione
274 2171 346 2236 [liz
359 2169 392 2234 b].
404 2170 452 2218 Alli
474 2165 692 2230 eontr'asentinnt,
707 2167 766 2230 quia
782 2167 912 2216 mineralia
928 2169 985 2216 sunl
1000 2179 1056 2229 pers
1077 2168 1162 2230 lunffi,
1173 2169 1217 2221 cul

185 2242 315 2292 sententie
326 2241 486 2289 adhaererem.

191 2313 193 2319 '
217 2309 249 2374 (c)
259 2313 299 2362 Sic
310 2303 480 2358 corninnniter.
493 2306 540 2356 illi
558 2304 642 2357 centri
653 2307 778 2368 sentiunt,
789 2305 847 2371 quia
862 2307 953 2366 fundus
964 2307 1003 2357 est
1011 2267 1088 2370 megla
1098 2307 1177 2361 utilis.
1189 2311 1215 2362 st

185 2381 253 2429 enim
263 2379 391 2440 detegatur
406 2379 546 2437 thesaurus,
557 2377 606 2426 erit
621 2379 710 2428 saltem
722 2389 768 2439 pro
779 2371 883 2426 dimidio
891 2377 998 2426 domino.
1008 2379 1056 2427 Sed
1063 2379 1116 2430 haec
1126 2393 1214 2442 parurn

185 2449 321 2511 ponderare
331 2447 457 2500 ridentur.
569 2451 570 2458 ’

637 2531 756 2550 Μ

226 2597 301 2686 393.
314 2583 496 2687 Aliquelern
511 2619 581 2662 eum
593 2576 745 2681 tinesauris
761 2591 998 2663 similitudinem
1017 2591 1132 2665 habent
1144 2595 1214 2666 alie

184 2714 235 2756 res
245 2704 386 2756 rnventae.
437 2735 440 2742 -
573 2722 576 2730 ·

225 2781 270 2850 Et
289 2781 431 2873 quidem,
450 2804 527 2872 *quae
549 2777 663 2847 nullius
681 2793 771 2854 sunt,
789 2779 867 2847 fiunt
891 2781 960 2870 jure
978 2797 1096 2850 naturae
1111 2784 1215 2877 primi)

185 2873 375 2970 occupantis.
398 2874 496 2941 Tales
508 2873 626 2968 lapilli,
642 2899 790 2967 gemmae,
802 2874 955 2944 conchilia
970 2901 1039 2971 quae
1049 2862 1215 2949 inveniun-

185 2968 518 3045 turinlittorernoris.
710 3003 734 3040 e
907 2990 911 2998 “
1004 2997 1005 3000 ’

79 3149 81 3152 .
195 3088 199 3095 ‘
227 3067 378 3136 Verum«
394 3065 439 3134 les
461 3063 559 3133 droits
584 3090 637 3158 sur
650 3063 695 3133 les
711 3066 810 3154 objets
828 3093 888 3161 que
902 3067 933 3136 le
946 3095 1015 3138 mer
1029 3073 1156 3158 rejette‚
1173 3073 1214 3142 de

121 3216 123 3221 .
186 3191 204 3220 »ν
226 3161 359 3256 quelque
378 3177 489 3229 nature
509 3159 602 3254 qn'ils
625 3161 764 3256 puissent
787 3165 870 3246 etre,
897 3189 950 3230 sur
974 3164 1018 3231 les
1041 3163 1162 3256 plantes
1184 3182 1214 3236 et

188 3284 205 3313 »
222 3255 374 3348 herbages
389 3255 444 3350 qui
457 3256 607 3324 croisscnt
621 3281 673 3324 sur
687 3256 733 3324 les
743 3255 826 3324 rives
837 3257 877 3325 de
889 3255 923 3324 ia
935 3283 1021 3341 mer,
1033 3274 1101 3326 sont
1111 3259 1214 3352 re'gle's

187 3377 204 3410 »
219 3375 278 3446 par
292 3352 347 3420 des
360 3351 419 3419 lois
432 3351 649 3446 particulieres
657 3353 747 3444 (717)
756 3353 818 3438 (a),
841 3382 857 3408 s

218 3519 438 3585 (a)«11cnest‹lc
457 3520 538 3571 meme
549 3523 593 3572 des
601 3524 687 3572 choses
703 3523 810 3584 perones
827 3523 887 3574 dont
907 3522 1031 3596 lerque
1045 3535 1078 3574 ne
1087 3537 1116 3573 se
1125 3525 1212 3586 repre«

185 3605 202 3636 s
211 3589 343 3650 centenas.
358 3607 372 3633 s
381 3587 575 3639 Itidem.Verinn
584 3591 795 3651 D.l)elvincourt,
807 3592 833 3638 in
844 3593 895 3640 suis
903 3593 934 3640 de
943 3594 998 3650 jure
1010 3593 1078 3646 civili
1087 3595 1214 3644 Gallicano

163 3668 165 3671 ·
186 3657 319 3718 institutis,
330 3658 366 3706 ait
376 3669 403 3706 se
417 3657 498 3705 nullas
512 3658 655 3716 hujusmodi
663 3670 808 3716 cognoscere
823 3659 906 3718 leges,
922 3660 948 3708 et
957 3661 987 3706 D.
998 3660 1122 3722 Toullier‚
1131 3662 1213 3714 nullas

186 3720 1213 3790 nornsleetus,ucproindeadveteresrecurrendnmquarnmpluresdlsposltlones
1315 3725 1318 3730 ’

188 3794 245 3844 sunt
252 3794 382 3856 negate.
392 3795 452 3843 llam
462 3795 582 3854 abrogatae
591 3791 648 3845 sunt
657 3797 743 3846 sellem
754 3791 895 3858 quoiljun
904 3796 1085 3859 toparcharum.
1092 3797 1146 3886 leno
1154 3801 1212 3860 jure

282 3879 306 3912 1.
1009 3916 1010 3930 χ
1069 3879 1104 3925 24
