2932 4658
544 312 779 372 oncrnoet.
1105 290 1178 397 319

180 398 224 469 do)
235 401 308 456 inxit
318 403 402 468 piures
410 403 476 456 tradi
485 400 684 466 potestpraecise.
693 405 742 452 arii
753 404 782 452 ut
792 401 852 465 quid
859 403 938 452 tutius
947 401 974 452 et
982 400 1134 465 probabilius
1142 407 1179 455 di-

152 476 396 537 cmtpraectptposse
405 471 747 534 eiutsetradat3quodsinon
755 473 999 538 tecerit‚reuseritet
1007 473 1070 522 tradi
1078 471 1178 534 poterit.¹

152 543 154 550 ’
188 544 222 608 (t)
234 547 282 593 rtut
292 547 431 603 termnum,
442 543 553 604 quamvis
563 543 631 602 regni
643 543 789 601 invasorem,
800 541 850 590 nisi
858 537 873 592 d
881 543 991 603 legitimo
1000 541 1112 604 principe
1122 543 1179 593 data

156 615 189 664 sit
199 615 333 674 unicuique
345 614 370 661 ct
380 614 542 674 ultiqueeum
553 611 680 660 occidendi
690 612 805 670 potestas.
1020 607 1022 610 ’
1084 647 1088 656 ,

188 682 219 746 (c)
233 685 262 732 Et
280 683 382 730 maritus
399 683 426 730 in
446 694 561 740 uxorem,
583 681 700 740 inquiunt
720 681 850 740 Germani3
872 681 898 729 et
918 680 948 728 ut
963 681 990 729 in
1010 679 1053 729 trit
1067 682 1176 741 regione·

155 753 258 800 Faciunt
269 754 293 799 et
304 751 369 810 apud
378 764 422 800 nos
431 751 512 798 rudes.
524 751 571 798 Sed
582 751 625 796 alii
636 750 662 796 id
672 750 802 812 barbarum
813 750 919 808 hahent,
931 749 1064 810 dicuntque
1074 751 1126 798 risu
1136 764 1178 810 po·

156 817 278 881 tidsqudm
292 821 378 868 baculo
396 831 498 867 uxorem
519 820 609 866 malam
624 830 676 865 esse
687 819 864 879 castigandam
877 819 973 866 multer
992 819 1059 866 enim
1076 831 1125 867 non
1140 819 1178 870 est

155 903 225 939 serva
236 889 279 938 sed
289 890 362 936 socia.
712 904 713 914 κ

185 955 305 1006 Moderati
316 957 543 1017 tamen,inquit1).
558 957 638 1014 Dens,
653 967 697 1015 pro
707 955 813 1016 graviori
829 954 901 1016 culpa
916 955 1030 1016 metium!
1044 953 1176 1018 potest,at

154 1037 204 1076 nou
214 1027 303 1074 metius
311 1024 351 1073 viti
362 1023 410 1072 alit
420 1023 584 1086 prandeatur
595 1023 745 1082 corrigenda.
1138 1019 1143 1026 '

181 1093 256 1155 ttenr,
265 1093 334 1156 patre
344 1093 457 1154 mortuo,
467 1092 544 1142 trater
553 1087 655 1145 minor'a
665 1092 758 1151 majore
769 1093 881 1154 castigem
890 1093 979 1154 potest.
987 1092 1060 1142 Idun-

446 1273 447 1283 κ
521 1248 771 1297 reneunrcuna
786 1220 827 1297 r.'

498 1393 535 1442 De
545 1391 716 1454 procuratione
727 1389 834 1440 abortiis.

196 1549 360 1619 352.an
375 1574 483 1616 verum
496 1548 701 1616 homicidium
717 1549 790 1634 est(
806 1547 1010 1642 complectens
1025 1561 1055 1618 et
1073 1547 1175 1645 'spiri-

156 1645 248 1724 tuale,
259 1645 314 1731 ).si
328 1645 421 1712 foetus
433 1645 583 1712 animatus
598 1643 638 1711 sit
651 1646 666 1726 [
679 1649 751 1732 762,
770 1657 801 1709 α’
815 1647 842 1728 ].

198 1740 235 1828 sj
245 1739 441 1822 inanimatus,
453 1739 493 1806 ad
505 1738 708 1808 homicidium
719 1739 839 1808 attinet.

189 1837 317 1904 -Attinet
329 1836 406 1902 item
419 1851 583 1928 procurata
596 1835 755 1904 sterilitas.

194 1931 238 1999 Et
263 1929 443 1999 detestabile
463 1929 571 2022 Omani
593 1945 771 2023 peccatum,
797 1931 831 1996 in
848 1929 1043 1999 matrimonio
1070 1929 1173 1998 adhinc

154 2026 280 2119 gravius
299 2042 327 2092 et
342 2024 445 2116 specie
459 2025 627 2090 diversum.
644 2032 745 2090 Homo
761 2033 806 2090 est
821 2026 875 2114 qui
891 2026 1060 2113 ctjuturus
1073 2037 1128 2090 est.

194 2119 291 2198 Hinc,
306 2114 450 2210 quamvis
460 2115 591 2206 gravida
600 2131 745 2192 ‚versetur
755 2115 788 2180 in
801 2132 883 2182 certo
897 2116 1006 2190 mortis
1016 2115 1171 2209 periculo,

153 2237 215 2279 nou
228 2211 301 2279 licet
313 2210 360 2278 ilii
374 2211 449 2277 dare
468 2208 656 2277 medicinam
671 2209 710 2276 de
728 2234 761 2275 se
782 2209 953 2276 ordinatam
978 2211 1017 2277 ad
1029 2209 1174 2298 dejectio-

153 2333 224 2375 nem
240 2305 333 2374 foetds
349 2305 441 2373 etiam
451 2303 628 2388 inanimati,
644 2301 717 2396 quia
730 2329 792 2370 non
805 2321 879 2394 *sunt
891 2305 1032 2376 facienda
1044 2305 1126 2373 mala
1138 2320 1173 2375 ut

155 2401 294 2471 eveniant
304 2401 396 2468 bona.

194 2497 264 2567 Nec
279 2496 372 2572 etiam
383 2550 391 2578 ,
404 2495 545 2589 quamvis
561 2496 740 2565 remedium
748 2497 787 2566 de
802 2522 908 2566 senon
922 2497 1117 2566 ordinaretur
1131 2497 1172 2566 ad

151 2593 311 2676 abortum,
324 2593 351 2660 si
365 2597 438 2662 ‘vere
452 2591 659 2686 periculosum
671 2593 711 2662 sit
718 2619 775 2687 pro
786 2593 851 2662 virt
863 2593 960 2687 prolis
970 2593 1093 2660 aliunde
1103 2617 1172 2684 pro·

152 2687 296 2756 habiliter
311 2687 473 2756 nasciturae
489 2704 518 2755 et
531 2689 684 2780 baptismo
698 2689 868 2768 donandae,
888 2687 962 2778 quia
975 2703 1095 2754 tenetur
1108 2710 1177 2754 ma·

152 2800 200 2852 ter
212 2785 307 2850 vitam
327 2784 451 2850 infantis
462 2784 654 2890 spiritualem
667 2783 740 2850 vitae
751 2807 812 2850 suae
825 2775 958 2849 naturaii
969 2781 1129 2876 praeferre.

194 2875 304 2958 Sectis,
316 2875 349 2942 in
362 2875 422 2943 hoc
432 2875 542 2944 ultimo
557 2901 640 2951 casu,
659 2877 686 2945 si
697 2877 881 2946 foetus‘certh
895 2877 1045 2946 animatus
1058 2903 1120 2946 non
1128 2903 1173 2947 es·

152 2987 198 3040 set
212 2973 262 3058 (o)
276 2986 306 3038 et
331 2971 445 3038 medici
465 2973 631 3066 prudenter
652 2972 808 3064 judicent,
831 2973 968 3042 remedio
991 2971 1053 3042 non
1076 2975 1171 3058 dato,

152 3082 284 3135 matrem
293 3066 492 3145 morituram
508 3067 660 3160 quiatunc
670 3067 770 3137 soldm
779 3069 965 3163 permittitur
974 3072 1098 3139 abortus
1110 3072 1170 3157 (b).

194 3165 291 3234 Secds
305 3163 436 3250 adhuc(
454 3164 573 3234 etiamsi
592 3165 685 3234 foetus
698 3167 850 3235 animatus
868 3168 950 3254 sit),
969 3167 1081 3261 aequali
1096 3167 1173 3236 exis·

152 3275 234 3328 tentc
247 3286 305 3354 pro
318 3287 355 3328 eo
367 3260 519 3355 periculo,
535 3261 600 3329 sive
612 3263 784 3330 remedium
798 3279 947 3346 sumatur,
963 3264 1028 3332 sive
1041 3264 1170 3349 non(c).
1216 3315 1226 3321 .

194 3354 300 3422 Nota:
316 3354 399 3422 Cium
412 3357 589 3425 confitentes
600 3357 765 3425 audiuntur
784 3357 907 3451 puellae,
922 3385 1018 3438 nunc,
1036 3373 1088 3426 aut
1104 3383 1172 3450 quae

152 3448 276 3515 fuerunt
283 3449 430 3539 gravida,
446 3451 564 3532 sedulo,
577 3451 704 3520 sednon
714 3452 882 3547 abruptim‚
895 3452 1122 3544 interrogandae
1133 3455 1173 3522 de

153 3543 202 3612 vel
217 3558 334 3611 tentato
348 3543 470 3628 abortu,
488 3546 553 3614 sive
566 3546 754 3640 potionibus,
769 3549 835 3616 sive
848 3548 991 3632 saltibus,
1004 3549 1170 3630 oneribus,

153 3654 225 3721 etc,
241 3654 272 3706 et
286 3638 406 3732 quotics
421 3665 549 3733 pravam
558 3641 638 3710 hauc
648 3642 812 3712 habuerint
825 3642 1031 3723 voluntatem
1047 3643 1171 3737 insuper

71 3789 85 3800 .
153 3757 284 3825 quorum
298 3756 425 3828 operam
435 3735 644 3817 adhibuerint.
664 3739 744 3812 Item
763 3738 815 3806 hic
829 3738 1043 3830 interrogandi
1062 3739 1171 3810 amasii

154 3828 208 3918 qui
221 3829 365 3900 fornicati
378 3844 460 3902 sunt.
480 3829 573 3926 Saepe
590 3833 733 3928 abortum
746 3833 970 3920 consuluerunt,
985 3850 1043 3904 etc.
1083 3855 1088 3866 ·
