2984 4666
318 283 387 354 266
585 279 654 356 'nn
672 303 807 368 animo
829 303 1060 367 ermenero

316 391 405 454 potest.
422 387 527 440 hliundla
537 391 648 452 quaedam
659 373 1040 452 quae'superstitionemsapiunt,
1049 383 1165 451 possunt,
1175 381 1209 442 ax
1226 390 1344 454 aeclesis,

316 459 471 511 institutione
480 459 570 508 habere
582 456 785 518 significationem
796 457 959 520 spiritualem.
970 463 1000 508 Ρ.
1012 460 1124 508 Thomas.
1133 459 1202 508 absit
1211 460 1298 508 saltem
1309 455 1353 523 ab',¹

316 526 356 575 his
366 529 462 577 animus
472 528 663 588 superstitiosus.
674 529 737 575 Usus
755 529 865 589 pulveris
874 528 1023 590 sympathicl
1034 528 1065 575 ad
1076 527 1183 576 sananda
1197 529 1314 588 vulnera,
1324 511 1345 576 ii

315 595 436 644 Bonacinb
447 596 584 656 damnatur.
605 597 654 644 allii
669 609 728 646 eum
748 599 867 645 excusant
879 598 910 644 ob
922 597 1024 645 eilluvia
1042 597 1214 645 subtilissima.
1228 599 1272 644 llis
1289 609 1351 680 non,

315 659 415 713 dificile
425 663 590 725 adlraererem,
598 666 657 726 quia
675 659 874 725 imaginationem
893 677 991 714 omnem
1004 665 1128 725 superant
1138 665 1220 725 partes
1230 651 1338 713 maacha

315 727 426 779 subtiles.
438 729 507 782 Unde
518 733 549 780 ab
557 735 624 783 omni
633 735 808 794 superstitione
814 735 953 783 eximerem
969 735 1013 794 qui
1022 734 1141 786 adhibent
1146 735 1256 782 remedia
1266 735 1339 782 nalu-

314 799 375 845 ralia
384 801 483 860 putata,
493 815 548 862 quaa
559 802 634 860 agunt
645 803 671 848 in
682 801 806 851 distantia.
818 803 866 852 Sed
873 798 964 852 iterium
979 801 1049 866 absit,
1054 802 1134 850 omnis
1144 803 1242 850 anianus
1252 814 1339 863 snper·

314 867 698 920 stitiosusetomnescandalum.
1264 893 1266 898 ·

319 931 333 970 ·'
343 935 380 998 (b)
389 933 421 985 Ui
429 939 503 987 verba
514 941 651 999 scripturae,
660 951 724 999 aqua
734 938 878 998 benedicta,
891 937 929 986 tot
937 939 1032 996 missae,
1041 936 1079 986 tot
1088 939 1171 996 Petam
1181 939 1230 988 etc.
1238 971 1246 998 ,
1254 939 1342 988 herbae

241 997 250 1014 ⁹
297 1035 299 1044 ·
313 999 423 1058 &heatae
434 1009 461 1055 in
468 1007 554 1067 vigilii
561 1008 619 1054 talia
629 1008 722 1066 sancti,
733 1007 872 1056 nisitamen
881 1007 1001 1054 habeatnr
1011 1007 1074 1054 ratio
1084 1007 1237 1067 tempestatis
1247 1009 1336 1068 solius3

314 1074 358 1121 aut
368 1076 460 1124 nisiex
487 1075 779 1135 neocaesareense
794 1077 823 1122 ut
837 1088 893 1136 pars
904 1074 1078 1124 medicamenti
1088 1075 1140 1123 haec
1154 1075 1356 1138 adhibeantur„

314 1151 363 1192 non
370 1090 485 1202 praesnti
492 1141 553 1204 fide;
565 1144 608 1190 aut
618 1144 665 1190 nisi
675 1145 784 1192 Ecclesia
795 1143 924 1204 approbet.
1129 1140 1133 1146 “

345 1207 377 1270 (c)
390 1211 429 1258 Sic
443 1211 548 1258 Billuart
562 1213 591 1259 ut
603 1213 728 1260 venialem
746 1213 928 1260 habetvanam
946 1210 1125 1260 observantiam
1143 1209 1274 1260 sanitatum
1293 1213 1337 1263 aut

203 1301 226 1354 .—
313 1281 464 1340 eventuum,
474 1275 529 1328 cim
541 1281 596 1340 quis
606 1293 639 1328 ex
649 1281 808 1341 simplicitate
816 1281 857 1329 vel
868 1279 1004 1340 ignorantia
1014 1293 1062 1328 non
1072 1278 1159 1340 crassi,
1166 1281 1209 1328 aut
1218 1293 1250 1328 ex
1259 1281 1337 1330 nimia

315 1345 460 1408 lirraiditate,
471 1349 641 1409 receditur.
652 1382 660 1409 ‚
671 1345 685 1397 a
695 1347 794 1408 mensa3
805 1349 876 1397 domo
893 1349 1035 1408 egrediens,
1050 1349 1080 1403 ad
1093 1361 1220 1396 occursum
1231 1349 1339 1408 alicujus

314 1429 421 1476 personae
431 1417 473 1466 aut
483 1418 520 1464 rei
529 1419 675 1478 regreditur,
685 1419 726 1466 vel
738 1415 805 1468 cerld
817 1417 865 1465 sibi
875 1419 979 1466 mortem
994 1417 1081 1464 bonam
1089 1417 1219 1477 promittat,
1230 1418 1335 1466 sitalem

314 1487 517 1546 precemreoilet.
528 1485 637 1535 lmbnon
648 1487 747 1535 videtur
755 1485 803 1547 ipsi
814 1486 878 1534 iacta
887 1487 938 1536 Deo
947 1487 1027 1546 gravis
1036 1485 1126 1547 injuria
1136 1483 1266 1534 orareantle
1278 1489 1336 1534 solis

314 1568 439 1614 occasum,
453 1555 493 1604 vel
503 1567 559 1602 cum
572 1559 639 1604 certo
648 1568 765 1614 numero,
780 1555 884 1602 incerto
899 1555 962 1614 sitm
974 1554 1015 1603 vel
1023 1549 1167 1602 abstineret
1178 1549 1245 1604 certo
1261 1567 1334 1616 opero

314 1625 398 1672 servili
409 1625 450 1672 dio
458 1623 562 1683 sabbati,
573 1624 600 1670 in
609 1624 726 1672 honorem
737 1625 765 1670 Β.
775 1624 806 1669 bl.
817 1624 846 1670 v.

343 1695 400 1741 ilaec
412 1691 443 1740 ad
452 1687 533 1740 minis
544 1701 600 1738 cum
609 1699 682 1751 grano
694 1691 761 1750 salis,
773 1691 799 1738 et
807 1689 892 1738 stando
901 1688 1043 1751 principiis,
1054 1689 1200 1749 acciperem.
1212 1689 1334 1737 Siccaen-

305 1771 392 1808 sarem
403 1757 524 1810 amorlali
532 1761 636 1818 saltem,
647 1772 704 1806 omn
714 1759 758 1820 qui
769 1759 821 1806 haec
835 1759 882 1805 sibi
893 1757 1015 1818 permittit
1024 1757 1053 1804 ιιι
1061 1757 1124 1804 liber
1132 1752 1187 1804 sita
1198 1757 1294 1816 timore,
1305 1755 1335 1803 ll·

314 1829 369 1875 dem
381 1829 475 1876 hisnon
485 1828 633 1886 adhibendo,
643 1841 691 1875 non
703 1829 852 1875 autemeum
863 1821 994 1885 quisenta,
1007 1825 1032 1872 et
1045 1826 1075 1872 ut
1087 1824 1118 1872 de
1128 1837 1156 1872 re
1174 1825 1243 1884 gravi
1254 1825 1335 1875 naoni-

263 1932 268 1941 .
313 1899 362 1954 tus,
375 1898 405 1944 ab
414 1897 499 1945 hlsvel
510 1896 632 1944 similibus
641 1909 689 1943 non
701 1894 819 1952 abstinet,
831 1894 874 1940 aut
884 1894 911 1940 in
921 1891 997 1939 dubio
1006 1892 1073 1950 agit·

343 1967 404 2023 ltcm
415 1967 513 2026 peccari
532 1960 611 2014 soliam
621 1965 753 2013 venialiter
763 1962 872 2010 sentiunt
888 1962 977 2008 suarez
987 1960 1015 2007 el
1031 1959 1154 2018 Wiggecs,
1163 1958 1184 2006 si
1193 1959 1261 2018 signa
1270 1972 1338 2009 vana-

313 2033 477 2082 adhibeantur
488 2029 555 2082 mera
560 2034 729 2092 materialiter,
739 2032 767 2079 ut
775 2031 918 2092 experiatur
927 2029 983 2091 quis
991 2029 1023 2076 ιιι
1032 2028 1133 2076 allectas
1141 2027 1268 2088 naturalis,
1279 2030 1333 2078 sine

290 2109 292 2117 ⁴
313 2104 483 2164 cooperatione
495 2103 620 2152 damonia.
632 2102 680 2150 Sed
688 2102 709 2148 si
717 2097 833 2162 tanquam
859 2093 993 2147 secundum
1004 2097 1184 2157 experientiam
1194 2097 1266 2144 utilia
1292 2097 1333 2146 ad-

313 2169 455 2232 hibeantur,
464 2185 513 2220 non
522 2172 638 2230 effugitur
651 2171 719 2217 labes
734 2169 927 2231 superstitionis,
937 2167 983 2215 etsi
1002 2166 1120 2216 detestato
1136 2163 1335 2226 superassumi

312 2242 383 2300 pacto
394 2255 450 2289 oum
462 2241 580 2288 daemone.
593 2234 644 2285 lmb
652 2239 673 2284 si
684 2238 736 2286 haec
748 2237 815 2287 oertd
823 2247 887 2287 vana
900 2237 1019 2297 sciantur,
1033 2234 1097 2284 mihi
1112 2235 1215 2283 mortale
1233 2233 1333 2284 videtur

313 2309 421 2367 experiri
432 2307 505 2366 scrib,
513 2307 572 2367 quia
580 2305 660 2352 forsan
669 2305 763 2352 daemon
775 2306 839 2365 aget.
995 2360 1000 2366 ,

342 2378 370 2422 ln
381 2376 455 2423 dubio
466 2387 497 2422 an
508 2387 547 2422 ros
555 2373 663 2433 aliquam
673 2373 763 2420 habeat
779 2372 897 2422 virtulem
905 2373 1043 2421 naturalem
1061 2370 1105 2420 aut
1122 2369 1336 2432 supernaturalem

311 2445 389 2492 talem
401 2443 515 2493 ellectum
535 2441 664 2498 causandi,
680 2441 794 2500 praesumi
810 2441 891 2500 potest
906 2437 972 2500 quid
987 2441 1085 2487 habeat.
1105 2440 1153 2488 Sed
1163 2439 1333 2500 praemittenda

311 2511 453 2574 protestatio
461 2508 526 2570 quod
534 2509 572 2559 vis
580 2509 658 2555 omnis
667 2507 788 2554 diabolica
798 2505 967 2554 abhorreatur.
976 2510 1005 2555 P.
1013 2509 1069 2556 Ant.
1080 2507 1180 2556 adast.

340 2577 448 2626 Tandem
458 2579 556 2626 veniale
565 2571 741 2625 soldmvident
748 2575 791 2622 alii
807 2575 833 2622 in
845 2576 926 2636 eo-qui
935 2575 990 2633 joco
1000 2571 1096 2623 tarthan
1107 2579 1132 2624 et
1142 2577 1195 2623 sine
1206 2575 1331 2635 seandalo,

310 2660 357 2697 nec
368 2647 441 2696 sedem
452 2645 601 2705 adhibendo,
607 2644 714 2692 consulit
722 2638 872 2692 divinatores
882 2643 912 2691 de
921 2643 965 2690 suia
976 2642 1082 2702 fortuna,
1093 2644 1113 2689 ιι
1124 2643 1273 2690 divinatores
1291 2644 1333 2690 iti·

311 2715 367 2764 dem
378 2717 427 2764 solo
434 2715 491 2776 joco
501 2714 614 2763 divinent
621 2746 628 2774 ‚
636 2713 695 2774 quia
704 2713 740 2760 ibi
749 2713 798 2760 non
809 2713 846 2760 est
858 2711 967 2774 perfecta
980 2712 1007 2762 ei
1015 2711 1080 2762 seria
1088 2711 1238 2774 superstitio.
1249 2711 1296 2760 Sed
1310 2713 1336 2762 si.

311 2784 375 2835 serio
385 2787 440 2848 apat
450 2785 581 2846 divinator,
590 2783 645 2844 ojus
653 2782 755 2846 peccato
765 2782 793 2830 lit
803 2783 950 2842 cooperatio.
990 2813 1000 2820 -v

705 2938 872 2989 ruderum
887 2941 938 2990 111.

634 3114 643 3126 .
669 3086 795 3148 namara
808 3071 969 3138 camalerica.

352 3236 425 3301 306.
444 3231 558 3300 Maera
572 3231 678 3299 stricti
692 3229 775 3300 dicia
789 3248 836 3300 est
849 3257 900 3300 ars
915 3233 995 3300 mira
1007 3229 1157 3311 faciendi,
1175 3253 1244 3322 qliae
1256 3226 1331 3301 licea

310 3325 640 3420 nonsupeenaturalim
651 3325 1143 3415 viacstamenhominissuperant3
1157 3325 1330 3418 acproind'c

309 3449 367 3518 ope
382 3421 448 3492 soli
461 3420 629 3505 daemonis,
654 3421 796 3516 explicite
810 3419 859 3487 vel
879 3417 1028 3510 implicite
1047 3417 1200 3504 invocati,
1226 3423 1329 3514 possi-

308 3517 395 3588 bilia.
566 3579 570 3587 ,
893 3521 897 3526 ’
1318 3535 1320 3539 ·
1363 3528 1367 3538 “

350 3616 387 3683 Si
401 3613 522 3703 signum
534 3611 690 3703 magicum
705 3607 849 3676 consistat
872 3606 1040 3690 invcrbis,
1064 3626 1194 3687 ,vocatur
1218 3609 1325 3675 incan-

305 3709 396 3779 tatio.
416 3710 480 3780 Sed
494 3711 576 3801 saepia
590 3722 636 3775 cst
649 3706 682 3772 in
695 3729 729 3772 rc
738 3719 957 3800 permanente,
974 3703 1007 3772 in
1018 3703 1231 3798 ligaminibus,
1250 3718 1327 3770 siras-

264 3793 267 3800 *
308 3805 457 3890 minibus',
476 3821 554 3888 otc,
578 3815 661 3870 certo
675 3801 769 3868 modo
783 3798 926 3892 plicatis,
944 3799 976 3868 in
988 3793 1073 3870 tc‘rra
1085 3797 1280 3868 absconditis.

895 3901 907 3928 Q
