2984 4666
255 319 324 390 228
530 339 583 388 nr.
609 332 740 387 turmo
766 329 1003 386 nuncnune

249 427 323 492 taedio
334 417 501 486 tpiritualium
512 421 612 471 arnalii
623 419 710 483 const,
721 434 771 470 non
780 419 848 482 tero,
858 419 980 478 utludat,
990 416 1091 468 miamin
1100 413 1142 466 die
1152 413 1216 467 testo
1225 427 1276 466 nou

250 485 336 546 audire
356 495 403 542 sibi
415 493 556 554 proposuit3
575 487 634 554 quia
651 457 810 540 ludtishahet
828 503 855 538 se
869 491 928 538 tunc
942 481 1021 536 solium
1038 486 1233 552 concomitantet·
1246 485 1278 535 ad

250 565 407 614 omissionem
416 562 549 622 praecepti,
560 573 606 610 nec
617 561 718 620 esicius
728 572 810 608 eausa.

280 635 372 692 excipe
383 634 403 679 si
414 643 469 692 spes
479 631 522 680 aut
532 631 601 678 locus
614 630 755 691 superesset
764 626 930 678 colludentem
939 593 1094 678 mutaturum
1108 625 1277 690 propositum,

250 693 270 748 si
282 714 330 749 non
345 693 451 748 luderet.

706 783 824 796 Μ

261 859 364 920 263.
380 851 481 918 Extra
492 849 551 918 hos
567 873 674 930 casus,
693 843 891 955 cooperatio,
903 845 967 914 sive
980 871 1036 942 per
1046 851 1130 955 rem,
1146 845 1211 916 sive
1221 869 1278 942 per·

249 971 398 1054 operam
397 973 433 1013 ex
450 971 484 1012 se
496 943 631 1025 licitam,
657 942 874 1058 peccaminosa
886 951 949 1010 non
967 957 1032 1023 cst,
1052 967 1080 1010 sr
1070 940 1209 1012 adsit
1198 957 1279 1031 Justa

248 1068 356 1122 causa,
373 1037 611 1108 circumstantiis
624 1036 768 1104 omnibus
783 1041 851 1102 tum
865 1036 1059 1119 intrinsecis,
1084 1040 1152 1104 tium
1167 1036 1279 1106 extrin-

247 1138 327 1206 secis
343 1135 551 1248 respondens·
544 1184 552 1211 ,
569 1137 605 1200 eo
618 1134 719 1222 major
732 1131 863 1240 proinde

291 1233 366 1322 Qud
378 1233 477 1342 majus
494 1244 539 1296 est
553 1241 712 1320 peccatum
727 1253 777 1295 cur
767 1226 830 1292 fit
845 1227 1038 1320 cooperatio,
1054 1241 1084 1296 et
1097 1228 1158 1320 qud
1170 1225 1278 1295 uirtuti

248 1327 395 1396 strictiorr
386 1324 614 1419 opponitur(o
592 1324 638 1406 o),
655 1319 704 1388 vel
717 1323 891 1415 quomajor
903 1323 1023 1390 estobli
1025 1323 1280 1435 gatiopeccatum

249 1423 327 1490 iliud
341 1419 548 1514 impediendi,
565 1433 600 1485 ut
613 1443 640 1485 st
631 1417 804 1508 obligatio
818 1417 924 1484 haec
897 1433 940 1485 stt
952 1350 1089 1507 justitgiae.

289 1519 340 1588 Eo
353 1518 453 1606 major
469 1519 530 1608 quo
546 1514 757 1622 propinquior
745 1527 810 1582 est
824 1515 1017 1607 cooperatio;

291 1614 366 1702 Qud
381 1635 574 1707 cooperans
563 1635 664 1679 munus
680 1608 797 1677 habet
787 1634 836 1701 Jus
852 1610 1053 1701 cooperandi;

289 1709 334 1782 Et
347 1711 409 1800 qud
424 1731 554 1800 peccans
569 1703 671 1772 minus
685 1719 811 1798 paratus
826 1719 872 1772 est
888 1705 931 1772 ad'
941 1704 1195 1797 peccandum,
1162 1727 1196 1772 sr
1210 1726 1279 1800 sup

248 1818 381 1898 ponatur
395 1804 459 1891 jam
476 1815 613 1915 paratus.

292 1897 483 1966 Tandem
454 1920 491 1962 eo
504 1889 708 2002 majordehet
722 1916 789 1961 esse
800 1916 893 1960 causa
902 1892 1091 1986 cooperandi
1102 1893 1164 2012 qud
1177 1895 1277 1984 magis

248 1991 440 2060 acceleratur
461 1989 541 2057 actio
555 1989 790 2098 peccaminosa3

291 2085 335 2154 Et
349 2090 410 2178 quit
424 2085 528 2180 plures
542 2102 612 2154 sunt
626 2085 696 2177 qui,
723 2111 780 2179 per
800 2083 1050 2175 cooperationem
1064 2082 1105 2152 ad
1118 2097 1278 2178 peccatum

252 2181 475 2274 adjuvabuntur
491 2196 521 2248 et
539 2179 827 2249 scandalizabuntur
843 2181 904 2266 (b).

285 2364 320 2427 (ιι)
333 2363 407 2424 Maior
417 2360 517 2424 proinde
526 2363 547 2412 si
566 2357 651 2411 contri
669 2362 808 2423 iustitiam,
819 2358 926 2423 quim
906 2376 927 2412 st
938 2357 1022 2412 contri
1033 2358 1187 2423 religionem.
1198 2361 1226 2410 ln
1237 2373 1278 2423 ue·

253 2448 314 2482 nere
326 2435 441 2481 damnum
461 2433 527 2494 quod
536 2433 591 2492 quis
600 2431 724 2491 patietur
740 2444 790 2478 non
808 2433 960 2490 cooperando
982 2428 1127 2491 iniustitia,
1140 2433 1280 2482 debetesse

253 2499 314 2550 adeo
325 2515 411 2562 grave,
423 2502 451 2549 ut
461 2513 509 2548 non
519 2500 633 2547 teneatur
644 2498 706 2544 illud
714 2499 798 2545 subire
809 2499 840 2545 ad
850 2510 900 2545 non
911 2501 1092 2558 cooperandum
1103 2499 1191 2548 damno
1201 2501 1283 2563 tertii,

253 2567 288 2619 nt
302 2574 331 2619 ut
346 2572 393 2618 iste
404 2582 452 2616 non
469 2569 598 2616 censeatur
611 2567 793 2614 rationabiliter
806 2567 909 2615 invitus.
924 2568 965 2615 Sic
983 2570 1104 2616 excusant
1122 2581 1179 2616 enm
1191 2571 1235 2630 qui
1249 2570 1282 2618 ad

253 2641 379 2688 vitandam
388 2639 506 2696 mortem,
516 2638 606 2685 scalam
617 2635 785 2696 apponitiuri.
796 2635 906 2694 linierat
915 2637 1023 2684 maxima
1034 2649 1108 2684 causa
1118 2637 1282 2696 requiritnrsi

253 2710 340 2768 agatur
351 2709 381 2758 de
392 2669 561 2768 cooperatione
575 2707 662 2754 damno
677 2705 818 2765 societatis,
829 2707 855 2754 et
868 2706 913 2754 rix
927 2717 981 2754 ease
991 2706 1073 2766 potest
1086 2718 1160 2754 causa
1170 2719 1281 2786 praepon-

254 2779 344 2825 derans
352 2777 416 2827 malo
427 2776 526 2837 pollice
537 2775 652 2822 Ecclesiae
666 2775 706 2820 rel
716 2773 870 2832 reipublice.

286 2844 321 2907 (ι)
333 2847 431 2893 Addunt
440 2847 539 2906 plures.
552 2847 577 2892 et
588 2841 637 2904 qud
647 2838 774 2890 difficilius
784 2843 849 2890 alius
857 2841 999 2904 cooperator
1009 2843 1173 2892 inueniretur.

285 2914 325 2960 Sic
337 2910 393 2972 ergd
405 2915 569 2962 communiter
578 2913 685 2970 theologi
678 2927 699 2969 ι,
711 2912 753 2971 qui
765 2913 791 2958 in
803 2912 848 2959 lrdc
859 2910 974 2961 intricati
993 2912 1097 2962 materie
1111 2925 1158 2962 nec
1178 2913 1246 2962 iuter
1254 2925 1281 2962 se

258 2981 413 3037 concordant,
423 2993 469 3027 nec
479 2982 528 3028 sihi
539 2992 637 3038 semper
645 2981 769 3026 cohaerent
779 2981 994 3042 inconsequentiis
1004 2982 1030 3031 et
1040 2983 1138 3031 casibus
1147 2983 1283 3044 particula-

256 3047 332 3097 ribus.
344 3047 476 3105 Sequentia
487 3060 520 3094 ex
530 3048 605 3111 variis
614 3047 703 3094 habeto
717 3049 743 3094 et
752 3049 844 3111 similia
855 3051 983 3098 conclude.

285 3115 400 3160 Famulus
408 3114 586 3173 jussuspotest,
601 3116 622 3161 si
634 3115 707 3162 aliter
717 3115 788 3164 domo
799 3119 961 3177 expellendus
975 3119 1021 3176 sit,
1032 3129 1122 3177 equum
1130 3126 1197 3163 more·
1208 3115 1281 3164 solito

243 3193 245 3246 t
255 3185 366 3233 sternere
378 3185 404 3231 et
415 3183 504 3230 lterum
523 3178 591 3232 mere
602 3184 714 3230 comitari
726 3217 734 3243 ,
745 3187 857 3244 quamvis
867 3187 965 3234 noverit
981 3197 1038 3233 eum
1052 3186 1121 3232 exire
1132 3185 1163 3230 ad
1173 3193 1281 3242 peccan-

243 3249 338 3365 idum
341 3251 423 3311 potest
434 3253 459 3300 et
470 3251 537 3300 cibos
548 3252 696 3314 preparatas
705 3253 860 3314 ministrare,
870 3253 917 3303 etsi
928 3265 1017 3302 mensae
1028 3251 1133 3300 assideat
1149 3249 1279 3302 meretrix.

257 3319 329 3367 Theoi
348 3321 408 3375 Ptct,
419 3318 467 3366 etc.

285 3389 303 3432 E
315 3381 397 3434 eontra
407 3399 456 3433 non
466 3386 527 3435 licet
537 3386 637 3436 domum
646 3387 727 3438 locare
736 3387 875 3454 meretrici,
885 3386 981 3436 etiamsi
993 3385 1106 3434 dominus
1121 3385 1281 3448 pretioioca-

254 3456 330 3504 tionis
341 3455 464 3518 indigeat,
475 3456 544 3515 nisi,
559 3453 631 3514 iuxtd
646 3457 758 3518 sylvium
767 3447 795 3504 ¹ct
804 3454 904 3513 Pontes,
916 3455 1006 3501 mulier
1020 3455 1053 3502 sit
1069 3455 1100 3504 ad
1110 3457 1282 3508 meretricium

255 3525 363 3573 resoluta
374 3520 420 3572 eti
431 3523 558 3584 republica
564 3527 724 3578 tolerandam
735 3525 764 3574 cai
775 3524 883 3572 civitatis
893 3523 998 3584 partein
1007 3522 1057 3586 qua
1066 3525 1154 3576 domus
1161 3527 1281 3578 elocatur.

257 3595 337 3644 (tollet.
349 3595 399 3642 Jos.
410 3594 467 3642 Ant.

287 3662 411 3711 tiortiori
422 3675 471 3710 ιιοιι
481 3663 562 3722 potest
571 3662 638 3714 domi
655 3661 837 3720 retinentque,
851 3656 962 3720 primdm
972 3671 1038 3711 casta
1053 3665 1149 3726 putata,
1159 3663 1279 3712 meretrix

256 3729 463 3790 deprehenditur,
484 3731 597 3790 quamvis
607 3731 671 3780 mala
681 3730 732 3776 vita
748 3727 802 3785 eins
812 3729 908 3778 occulta
925 3731 973 3791 sit,
987 3732 1074 3780 etsine
1084 3733 1212 3782 mandato:
1223 3727 1280 3792 piiss

255 3799 294 3846 est
303 3798 368 3860 enim
376 3811 430 3844 earn
441 3797 506 3846 domi
517 3801 642 3857 retinere,
655 3793 729 3857 qu'am
740 3797 788 3856 ipsi
797 3795 897 3845 domum
906 3799 1011 3849 elocare.
1018 3804 1102 3852 Iidem

255 3911 259 3938 Ι,
287 3867 439 3916 Esou-santur
449 3868 535 3918 vinum
549 3879 602 3918 sese
618 3865 776 3928 inebriaturis
786 3867 938 3930 praebentes,
950 3871 971 3918 si
981 3871 1054 3922 aliter
1063 3871 1180 3920 ιιιιιιιιιιιιι
1189 3881 1278 3932 pare,
