2932 4658
584 320 819 388 nucarum.

486 525 488 532 ·
581 501 781 552 tnrtcuws
791 503 826 552 11.

433 641 555 696 Demade
569 645 714 727 acquirendi
724 659 778 710 qna
793 645 851 697 sunt
861 646 971 701 alterins.

233 789 461 874 Aroumuurun
473 815 531 888 per
546 805 784 863 contracturam
798 793 1114 890 dispositionesjuris.

598 976 760 1038 onusrro
774 977 795 1029 r.

280 1124 318 1176 De
335 1122 407 1206 modo
429 1121 573 1184 acquirendi
590 1135 636 1184 per
654 1123 793 1174 contactus
807 1135 837 1174 ea
850 1137 906 1188 quaa
925 1126 984 1178 sunt
1002 1095 1113 1182 alterius.

229 1287 303 1362 400.
334 1279 411 1350 cun
423 1280 620 1378 acquiruntur
643 1307 699 1376 per
714 1297 887 1357 contractus
908 1308 1026 1378 eaquae
1040 1302 1110 1355 sunt
1131 1285 1211 1358 alte*

187 1379 270 1458 rius,
288 1379 355 1469 jure
368 1391 504 1456 naturae,
531 1402 639 1445 eorum
655 1377 826 1446 dominium
847 1379 1031 1448 transfertur
1044 1381 1111 1450 solo
1134 1409 1212 1452 con·
1265 1426 1270 1437 ·

186 1498 278 1542 sensu
288 1471 376 1564 signo
387 1487 512 1540 externo
523 1497 666 1567 expresso
678 1487 708 1541 et
727 1488 898 1568 acceptato.
917 1504 934 1532 «
956 1475 1045 1565 Quid
1056 1476 1137 1546 enim
1147 1481 1211 1548 trlrn
1308 1473 1311 1476 ’

189 1598 206 1628 »
223 1567 405 1638 conveniens
417 1582 462 1636 est
480 1565 613 1636 naturali
630 1567 767 1662 aequitati
781 1571 874 1662 quim
890 1571 1079 1640 voluntatem
1093 1573 1212 1642 domini

83 1695 86 1700 ·
188 1693 205 1724 a
221 1663 352 1733 volentis
373 1687 441 1730 rem
454 1687 542 1730 suam
554 1662 588 1730 iu
605 1662 700 1732 alium
719 1663 901 1748 transferri,
924 1680 1025 1734 ratam
1044 1665 1208 1737 haberit»

184 1757 261 1830 Lib.
275 1789 311 1851 9,
330 1760 349 1846 ἓ
361 1763 391 1837 3,
407 1759 438 1828 ff
445 1759 484 1826 de
498 1757 686 1852 acquirendo
701 1784 806 1828 rerum
816 1760 969 1832 dominio.

226 1855 303 1923 Solo
317 1857 392 1946 ergd
414 1853 486 1944 jure
500 1869 620 1927 naturae
631 1870 786 1948 spectato,
814 1850 944 1924 traditio
965 1879 1036 1926 curn
1056 1854 1147 1925 titulo
1163 1872 1210 1928 est

184 1950 310 2045 proprie
327 1950 434 2015 solum·
440 1949 579 2015 medium
592 1950 771 2039 acquirendi
785 1975 842 2041 per
858 1965 1041 2018 contractus.

227 2041 376 2112 Traditio
397 2055 499 2108 autem
518 2057 564 2108 est
584 2055 668 2109 actus
688 2039 740 2108 vel
760 2041 879 2110 factum
902 2067 964 2136 quo
983 2043 1208 2152 proprietarius
1262 2057 1265 2062 ’

182 2137 330 2211 transfert
357 2135 582 2231 possessionem
602 2135 648 2203 rei
661 2135 786 2204 mobilis
800 2151 853 2204 aut
872 2138 1041 2207 immobilis
1055 2138 1089 2207 in
1112 2139 1209 2212 alium

183 2263 255 2306 curn
268 2234 425 2303 voluntate
440 2233 505 2320 ejus
519 2229 742 2326 proprietatem
756 2232 957 2304 concedendi.

223 2329 371 2400 Traditio
391 2327 534 2423 triplex:
557 2325 619 2396 elia
639 2326 814 2422 realis‚qud
833 2327 949 2399 directi
966 2355 1016 2400 res
1039 2328 1073 2398 in
1096 2355 1205 2404 manus

181 2426 328 2498 traditur.

221 2523 298 2592 Alia
308 2519 487 2614 symbolica,
498 2519 559 2613 qud
569 2545 618 2588 res
628 2519 763 2589 traditur
774 2520 929 2590 mediante
939 2518 1000 2588 alia
1011 2513 1045 2589 rc
1055 2546 1125 2614 quae
1136 2547 1206 2594 earu

180 2633 390 2714 repraesentet.
410 2616 466 2685 Sit
483 2617 591 2685 domus
612 2617 746 2684 traditur
763 2642 821 2710 per
836 2615 1037 2684 traditionem
1058 2616 1202 2687 clavium.

220 2715 265 2782 Et
278 2715 340 2780 alia
352 2714 505 2802 ficta‚quae
518 2712 553 2776 fit
566 2711 633 2776 solo
650 2729 799 2781 conterisu
811 2709 965 2804 partium,
989 2724 1025 2775 ut
1038 2708 1065 2778 si
1079 2736 1128 2780 res
1141 2726 1205 2780 tra·

180 2807 282 2876 denda
305 2807 370 2896 jam
384 2807 423 2872 ab
437 2804 622 2897 acquisitura
641 2803 837 2899 possideatur
850 2803 955 2899 aliquo
972 2802 1081 2888 titulo,
1109 2821 1162 2876 aut
1175 2806 1205 2876 si

180 2901 357 2992 designetur
371 2900 444 2970 data
457 2899 604 2967 facultate
615 2925 684 2966 cam
698 2899 871 2968 auferendi.
1006 2903 1008 2911 ’

220 2995 345 3066 Titulus
360 3011 405 3064 est
419 2994 498 3062 ratio
511 2994 560 3063 vel
575 2994 791 3064 causa‘virtute
805 2997 890 3084 cujus
905 3001 989 3065 aetus
1007 2995 1060 3064 ille
1074 2996 1123 3066 rel
1139 2997 1204 3069 fac⁴

178 3107 245 3162 tum
257 3089 479 3188 proprietatem
496 3089 655 3158 transfert.
675 3088 765 3158 Olim
780 3090 874 3159 dabat
892 3087 995 3160 solum
1009 3091 1058 3180 jus
1077 3093 1125 3158 ud
1135 3115 1204 3162 rem

177 3205 208 3259 et
221 3188 350 3257 traditio
362 3187 429 3256 sola
442 3213 496 3256 scu
510 3186 611 3281 captio
627 3186 828 3281 possessionis
842 3187 936 3256 dabat
948 3190 997 3278 jus
1013 3186 1047 3251 in
1063 3209 1110 3256 rc.

220 3283 285 3352 Sed
307 3309 344 3354 ex
357 3285 425 3376 jure
439 3281 591 3352 hodierno
605 3281 688 3350 civili
703 3280 868 3350 Gallicano
886 3311 902 3340 «ι
924 3281 956 3348 la
974 3279 1133 3376 propridte
1148 3281 1202 3351 des

179 3407 196 3438 n
211 3378 299 3446 biens
313 3377 477 3472 s'acquiert
492 3393 570 3448 etse
588 3391 807 3472 transmetpar
820 3376 1009 3461 successim,
1028 3401 1086 3472 par
1102 3377 1203 3444 dona-

116 3530 119 3538 .
179 3504 196 3534 »
211 3474 277 3542 tion
291 3488 377 3542 entre
390 3473 452 3542 'viss
465 3499 505 3544 ou
517 3473 762 3559 testamentaire,
785 3488 819 3543 et
833 3497 892 3568 par
905 3473 1002 3544 l'effet
1015 3474 1070 3542 des
1084 3471 1203 3566 obliga·

178 3601 195 3630 »
210 3569 291 3651 tiens
313 3570 415 3664 (711).
858 3597 860 3599 ·

219 3696 235 3724 ι»
253 3664 451 3751 (Laveute)
470 3679 516 3734 est
531 3665 664 3759 parfaite
684 3679 771 3734 entre
791 3663 839 3732 les
860 3663 977 3758 parties
985 3662 999 3742 ,’
1024 3677 1055 3732 et
1073 3660 1106 3730 la
1122 3687 1200 3757 pro-

178 3792 194 3820 »
208 3762 308 3856 prie‘te'
324 3777 369 3831 est
382 3761 508 3856 acquise
526 3763 566 3830 de
580 3756 664 3832 droit
687 3758 888 3829 al’acheteur
903 3759 1055 3852 dl'e'gard
1069 3759 1112 3828 du
1124 3786 1202 3856 ven7

178 3885 194 3914 e
210 3859 300 3944 deur,
324 3858 378 3929 dis
392 3857 486 3952 qu'cu
502 3871 548 3928 est
561 3883 698 3928 convenu
712 3857 751 3925 de
763 3855 795 3924 la
806 3852 897 3926 chose
912 3869 941 3925 et
955 3855 996 3925 du
1007 3853 1094 3950 prix,
1106 3855 1201 3955 quoi·
