2984 4666
636 338 874 414 occurent

725 528 741 598 3
756 531 791 578 11.

600 675 637 725 no
656 674 778 726 divisione
794 677 914 728 srmone.

237 799 246 860 ¹
290 809 360 921 ²99·
378 828 515 897 Snronm
529 826 592 896 alia
602 826 717 896 dicitur
733 826 894 910 mentalis,
910 827 974 898 alia
986 830 1224 900 conventionalis
1239 848 1268 916 et

100 940 103 947 '
218 979 222 986 .
244 923 307 993 alia
324 921 557 991 confidentialis.

285 1018 442 1100 Simonia,
467 1043 536 1110 quae
558 1016 672 1086 dicitur
684 1017 845 1101 mentalis,
859 1043 921 1086 non
936 1032 980 1096 est
993 1019 1111 1088 nudum
1125 1022 1269 1115 proposi-

243 1129 307 1182 tum
327 1112 491 1182 simoniam
517 1111 747 1190 committendi,
773 1113 828 1180 scd
851 1127 937 1180 actus
959 1127 1101 1183 externus
1118 1115 1216 1185 factus
1231 1143 1268 1186 ex

242 1210 408 1278 intentione
423 1207 608 1297 simoniacd,
623 1207 689 1274 sine
699 1214 794 1298 'pacto
805 1205 909 1276 temen
919 1207 970 1276 vcl
983 1209 1093 1289 tacito;
1106 1225 1139 1278 ut
1157 1212 1183 1280 si
1197 1212 1267 1306 quis

242 1305 294 1372 det
307 1301 478 1398 temporale
489 1327 526 1369 ex
541 1301 655 1369 motivo
667 1297 787 1369 interno
798 1301 957 1394 spirituale
971 1304 1141 1375 obtinendi.
1254 1324 1257 1330 '

283 1395 535 1466 Conventionalis
557 1410 603 1462 est
630 1419 773 1486 expressa
795 1395 845 1463 vel
867 1396 960 1462 tacita
980 1399 1083 1490 pactio
1111 1414 1265 1493 acceptata
1294 1407 1298 1414 '

242 1493 336 1561 dandi
348 1489 519 1585 temporale
532 1516 589 1584 pro
600 1488 754 1583 spirituali
769 1503 799 1558 et
811 1489 947 1558 vicissim
954 1491 1016 1575 (a).

282 1585 361 1654 Haec
373 1590 450 1680 pur'e
466 1583 760 1663 conventionalisest
769 1637 784 1666 ,
793 1582 820 1652 si
835 1609 872 1650 er
885 1584 971 1652 nulla
980 1599 1067 1679 parte
1080 1618 1089 1665 ;

244 1700 245 1704 ’
282 1681 382 1749 Mixta
393 1679 642 1762 seusemirealis‚
657 1679 684 1746 si
695 1703 731 1748 ex
745 1679 806 1746 und
820 1695 928 1773 parte;

281 1776 325 1845 Et
339 1775 429 1844 realis
441 1827 449 1855 ,
462 1775 488 1844 si
500 1776 681 1866 erutrdquo
694 1789 783 1868 parte
799 1790 925 1869 pactum
943 1773 1114 1848 executioni
1133 1776 1264 1858 manda·

239 1887 305 1940 turn
319 1871 359 1938 sit
373 1869 483 1938 saltem
490 1868 651 1938 inclmat'e.

279 1967 409 2035 Etcum
428 1963 532 2058 plures
546 1962 608 2030 sint
624 1962 739 2054 gradus
756 1962 797 2029 ad
818 1961 1042 2054 assequendum
1059 1964 1262 2052 beneficium,

238 2060 449 2156 presentatio,
462 2057 630 2138 institutio,
647 2073 724 2139 etc.‚
740 2056 871 2126 simonia
881 2057 913 2124 in
926 2082 988 2123 uno
1002 2057 1092 2124 realis
1108 2059 1190 2126 facta
1201 2085 1263 2128 non

238 2169 357 2237 cessat,
373 2170 403 2222 et
412 2153 513 2248 poenis
525 2153 663 2241 subjecta
677 2167 832 2235 remanet,
851 2151 991 2247 quamvis
1002 2151 1186 2222 simoniacus
1203 2154 1264 2222 non

235 2265 287 2319 eat
301 2249 399 2330 ultre,
415 2273 471 2315 nec
481 2244 664 2314 beneficium
678 2245 824 2314 obtineat.
1031 2324 1047 2338 ..

279 2345 425 2412 Tandem
449 2341 825 2426 confidentialisffinsolis
848 2341 1003 2410 beneficiis
1018 2341 1199 2436 possibilis)
1217 2361 1263 2414 est

237 2440 374 2535 provisio
391 2439 551 2532 quaelibet,
565 2437 631 2506 sive
645 2464 701 2531 per
715 2437 914 2517 electionem,
931 2437 996 2504 sive
1022 2464 1078 2532 per
1100 2439 1263 2526 institutio-

236 2562 309 2622 nem
323 2589 331 2619 ,
346 2536 434 2616 sive,
452 2550 512 2602 etc.
528 2581 537 2610 ‚
557 2549 587 2601 et
596 2532 757 2626 acquisitio
769 2532 909 2601 beneficii
929 2559 997 2600 curn
1012 2529 1104 2625 pacto
1118 2560 1261 2628 expresso

237 2631 286 2701 vel
297 2630 389 2698 tacito
399 2683 411 2722 ἓ
424 2629 517 2697 etiarn
530 2629 610 2697 inter
622 2628 703 2696 solos
717 2627 833 2696 amicos
847 2627 964 2721 provisi
977 2627 1073 2709 inito,
1088 2629 1170 2719 quod
1184 2631 1262 2698 reci·

236 2727 325 2819 piens
335 2720 533 2804 heneficium,
548 2719 625 2790 illud
639 2723 723 2792 t'dcm
742 2737 794 2789 aut
815 2724 880 2812 ejus
905 2721 1042 2803 fructus,
1067 2722 1100 2788 in
1122 2722 1261 2792 savorem

236 2817 422 2886 conferentis
437 2835 488 2884 aut
499 2817 624 2884 alterius
638 2821 744 2910 posted
754 2817 903 2899 dimittet,
913 2814 963 2883 vel
973 2815 1151 2910 pensionem
1164 2818 1261 2887 solvet

240 2914 373 3028 aliquam
387 2911 453 2980 sinc
468 2911 647 2978 auctoritate
660 2913 800 3004 legitimd
810 2912 1016 2981 constitutam.

279 3007 315 3075 bi
329 3007 449 3074 nullum
464 3021 544 3074 esset
562 3021 701 3098 pactum,
730 3008 785 3074 sed
800 3007 865 3074 sola
879 3006 1007 3074 intentio
1020 3006 1177 3098 obligandi
1191 3033 1260 3102 pos·

237 3107 286 3170 ted
301 3101 500 3194 recipientem
515 3101 554 3167 ad
571 3100 743 3168 cedendum
756 3102 956 3187 beneficium,
981 3103 1165 3171 confidentia
1178 3103 1260 3173 foret

236 3198 335 3264 solum
356 3194 510 3264 mentalis.
528 3203 530 3206 ’
1085 3279 1089 3285 ἱ

278 3293 314 3359 Si
336 3291 548 3361 tantummodo
567 3290 656 3358 ficret
670 3304 793 3382 pactum
808 3289 904 3357 dandi
927 3291 985 3358 sub
1005 3291 1204 3376 confidentid‚
1229 3309 1259 3362 et

236 3402 468 3478 acceptaretur?
480 3382 665 3453 confidentia
677 3399 756 3453 esset
769 3386 846 3478 pure.
861 3384 1112 3458 conventionalis.

278 3480 342 3548 Sed
365 3479 457 3548 realis
478 3482 621 3550 evaderet
636 3507 672 3549 eo
687 3480 756 3575 ipso
772 3479 856 3574 quod
878 3480 1063 3574 reciperetur
1076 3479 1258 3548 benesrciurn

236 3575 293 3642 sub
307 3575 504 3659 confidentil,
525 3591 555 3644 et
568 3577 699 3669 quidem.
708 3602 766 3669 pro
779 3591 925 3667 utroque,
945 3575 1064 3642 etiamsi
1072 3589 1256 3650 *retractare-

234 3686 284 3738 tur
298 3670 495 3751 confidentia,
517 3697 553 3739 ex
565 3672 651 3740 nulld
665 3671 768 3740 adhdc
781 3685 870 3763 parte
884 3668 1054 3739 executioni
1065 3669 1222 3741 mandata.

275 3765 363 3858 Ergo
372 3765 561 3833 confidentia
570 3767 647 3856 juris
661 3763 860 3835 ecclesiastici
870 3787 940 3832 reus
951 3778 1045 3848 esset,
1060 3763 1115 3858 qui
1129 3789 1167 3839 er
1176 3763 1256 3846 hono

236 3860 328 3929 etiam
341 3860 457 3928 motivo
468 3859 650 3930 beneficium
663 3860 831 3928 dimitteret
843 3855 857 3942 ,'
867 3859 1010 3952 expressd
1021 3857 1068 3928 vel
1081 3859 1174 3938 taeitd
1187 3885 1256 3928 con·

1096 3963 1135 4016 ¹7·
