2984 4666
311 343 380 418 ποθ
586 325 1048 416 unanimo'entnonero

116 505 118 513 ,
192 491 195 502 c
280 475 284 480 =
306 446 1325 514 araneorumcluntrennipcnnruummtanlmoricmlemm.

336 589 632 654 Solutnroctrecolniare:

335 659 597 717 Alloqutuuopuentccr

336 727 600 786 recompensemus
806 785 809 792 Ι

333 797 447 854 Proacpua'
455 797 479 842 io
486 797 644 855 concitatione
651 795 707 854 jam
722 796 810 860 pridem
828 796 928 858 inceptet
938 808 990 844 mm
1000 796 1110 854 inlicitis,
1120 795 1218 858 aliaque
1227 797 1339 848 similia:

303 865 356 913 Uno
365 865 440 913 verbo
455 875 505 912 non
516 861 558 913 dat
570 865 639 925 signa
649 866 676 914 et
687 877 762 927 opera
772 866 862 912 amoris
879 867 924 926 qui
938 866 1012 914 titulo
1024 865 1164 915 inimicitia
1179 867 1274 928 aliquici
1287 881 1329 918 re-

302 935 394 982 cusat·
700 963 702 970 ι

332 999 393 1062 Erat
401 997 788 1066 contutprace'ptumclilectionia
796 1002 954 1054 inimicorum
965 999 1110 1066 sepissime,
1117 1000 1212 1066 etsaepe
1220 1008 1328 1068 praviter

302 1073 407 1132 peccant
1077 1082 1085 1087 ·
1250 1072 1254 1078 ’

332 1143 380 1200 Qui
393 1153 441 1189 uon
452 1139 588 1188 condonant
598 1129 715 1198 iniurias,
725 1151 775 1186 non
783 1139 810 1186 in
824 1139 871 1188 hoc
880 1141 964 1188 tamen
972 1137 1334 1200 coronamentorum

301 1212 388 1270 moes,
398 1207 464 1271 qutrl
473 1209 557 1258 debita
566 1221 598 1258 ex
606 1201 717 1272 institit,
728 1209 903 1267 circionum,
912 1211 965 1258 sive
974 1210 1090 1270 fontanae,
1101 1209 1195 1258 remitti
1203 1207 1328 1268 ordinarii

301 1281 424 1340 detonuit
435 1280 496 1342 quin
514 1275 643 1340 aliquando
653 1275 784 1336 vcxissenia
795 1277 833 1324 est
843 1279 978 1338 reparatio,
997 1279 1018 1326 ai
1029 1290 1054 1325 v.
1066 1290 1109 1338 a,
1120 1278 1146 1324 id
1156 1279 1218 1327 velit
1233 1280 1326 1328 bonum

301 1361 446 1408 commune,
463 1349 506 1396 aut
524 1347 614 1394 bonurn
626 1345 701 1394 totius
711 1344 818 1402 alicuius
827 1343 928 1394 familiae
950 1335 976 1395 in
986 1357 1059 1406 quam
1072 1345 1209 1394 redtmdant
1226 1339 1326 1406 injuriae

300 1429 405 1478 quarum
414 1417 497 1464 lahem
510 1427 559 1462 non
569 1413 678 1462 auferret
688 1413 847 1474 concionatio3
859 1414 902 1462 sen
912 1412 953 1474 ilc
971 1410 1076 1464 mmtim
1086 1415 1232 1464 cavendum.
1264 1425 1268 1428 ·

331 1488 379 1542 [ui
387 1487 418 1535 de
428 1487 492 1536 malo
503 1485 599 1535 inimici
609 1483 716 1544 pandent
724 1479 845 1546 quatenus
854 1485 948 1534 malum
955 1484 1009 1548 ejus
1018 1484 1055 1532 est
1064 1515 1072 1546 ,
1082 1483 1163 1532 auide
1174 1485 1251 1548 ipsius
1260 1485 1329 1550 bono,

330 1625 378 1681 Qui
389 1625 518 1672 inimicum
529 1619 665 1682 declinant,
677 1635 706 1670 eo
717 1621 853 1682 praesertim
863 1623 1007 1672 advertente
1018 1623 1044 1670 et
1058 1623 1165 1681 multer
1185 1625 1323 1684 sentiente,

300 1695 344 1740 aut
354 1706 411 1753 cum
421 1705 449 1740 eo
461 1692 558 1740 inuitati
570 1691 606 1738 ire
615 1692 743 1750 recusant,
754 1693 803 1740 uisi
813 1693 898 1740 mmen
911 1693 981 1740 metu
990 1693 1118 1750 rixarum,
1126 1693 1185 1742 nori
1199 1695 1323 1758 rancoris,

299 1763 343 1808 aut
352 1761 400 1808 alii
409 1757 475 1820 iusti
485 1760 515 1808 ie
529 1758 611 1808 cansa.

328 1831 377 1888 Qui
391 1831 489 1878 veniam
508 1829 635 1886 recusant,
646 1825 837 1878 satisfactionem
856 1827 1045 1877 convenientem
1060 1839 1109 1875 non
1124 1831 1269 1890 acceptant,
1279 1831 1322 1878 exi

298 1901 359 1958 gunt
384 1910 453 1956 aquo
476 1898 603 1954 maiorem,
614 1909 646 1942 ex
656 1896 711 1942 odio
721 1897 746 1944 et
756 1895 865 1945 vindicta
876 1909 930 1944 eam
940 1898 964 1942 in
974 1896 1068 1953 judicio
1077 1899 1270 1956 prosequuntur.

320 1967 389 2023 *nou
398 1977 405 2015 t
415 1965 485 2026 apud
495 1965 591 2014 nobiles
601 1965 627 2014 in
637 1973 686 2012 usu
699 1977 749 2020 pon
758 1968 796 2016 eat
804 1967 896 2026 petitio
912 1965 1009 2024 umiae,
1019 1965 1134 2026 iuquimrt
1144 1965 1236 2024 aliqui,
1248 1967 1275 2012 et
1282 1967 1322 2014 vi·

298 2035 372 2086 delur
390 2035 586 2104 npudlplebeios
600 2030 665 2094 sape
686 2030 775 2096 saepius
792 2035 906 2082 sufficere
927 2034 1136 2093 aiguaamicitiae,
1155 2033 1269 2082 invitatio
1290 2033 1322 2082 ad

298 2117 416 2152 mensam.
1259 2125 1263 2135 =

315 2219 317 2222 .
328 2176 393 2222 Leve
404 2175 441 2222 est
450 2174 588 2222 inimicitia
598 2175 695 2233 signum
713 2177 763 2222 non
772 2173 878 2222 salutare
894 2173 974 2233 primo
985 2172 1083 2231 iniuriat
1102 2173 1219 2232 instanti,
1229 2173 1274 2222 aut
1288 2185 1321 2220 ex

297 2242 445 2292 feritaterel
456 2239 764 2302 inadverteutit‚maxime
772 2244 838 2305 iuter
846 2255 888 2292 eos
895 2241 1020 2306 quisimul
1028 2241 1170 2302 convivunt,
1181 2243 1229 2290 nisi
1237 2243 1320 2294 nmen

296 2313 473 2372 sintrelipiosl.
491 2314 603 2362 Billuort.
1109 2313 1112 2320 ’
1215 2316 1218 2323 “

327 2381 388 2428 ltem
399 2382 420 2427 si
431 2393 462 2428 ex
470 2380 536 2439 justo
547 2379 731 2438 iniuriaenimlae
741 2381 838 2442 dolore,
847 2381 887 2442 ob,
894 2395 919 2430 v.
929 2393 962 2440 g,
972 2381 1085 2441 stuprum
1095 2380 1162 2441 illie,
1170 2377 1320 2430 medicarier

296 2447 349 2496 irasc
360 2444 470 2497 exterius
480 2450 609 2508 appareat,
619 2443 665 2496 'nec
677 2451 710 2502 sit
720 2450 805 2498 odium
819 2453 862 2500 aut
872 2450 991 2498 vindicta.
1000 2452 1073 2500 mero.
1121 2453 1123 2461 “

325 2515 462 2576 imtcoilet
475 2531 524 2568 non
535 2519 618 2582 culpat
631 2521 728 2580 patrem
741 2519 785 2580 qui
804 2521 967 2580 stupratorem
984 2518 1042 2566 filiae
1052 2531 1103 2566 snm
1112 2518 1200 2566 iisdem
1208 2531 1237 2566 ac
1247 2513 1318 2568 antc'a

295 2588 374 2634 oculis
384 2601 434 2636 nou
452 2589 549 2648 aspicit.

198 2709 207 2712 ,
325 2657 388 2705 item
396 2659 478 2717 siquis
489 2657 519 2704 oh
529 2656 644 2715 iniuriam
654 2669 680 2704 se
688 2657 732 2704 aut
741 2655 859 2704 familiam
868 2655 1148 2716 gravitercliiiamantam
1156 2657 1254 2704 vultum
1263 2669 1319 2704 aur·

294 2727 376 2773 terum
387 2727 514 2785 exhibeat,
524 2726 616 2786 alloqui
625 2726 730 2786 deneget
741 2726 766 2774 et
774 2727 895 2792 salutare,
906 2723 1036 2784 neiaiuria
1041 2725 1185 2788 parvipendi
1194 2725 1317 2775 rideatur.

293 2796 404 2844 Biilnort.
411 2798 441 2843 P.
454 2796 556 2843 Thomas
561 2827 569 2852 ,
585 2796 633 2841 etc.

324 2863 372 2912 Sed
381 2864 445 2912 levia
456 2864 543 2914 saltem
552 2863 653 2923 peccata
670 2860 712 2910 liic
723 2860 842 2912 facillime
853 2875 906 2912 esse
915 2864 1031 2930 possunt,
1042 2865 1068 2914 et
1078 2863 1216 2914 carendum
1225 2875 1258 2912 ne
1268 2865 1317 2912 iata

294 2932 383 2978 amoris
392 2931 560 2991 denegationis
571 2933 714 2992 apparentia
724 2933 793 2992 sigua
803 2928 898 2986 nimio
906 2933 1089 2982 continuentur.

324 3001 383 3046 Nota
404 3002 512 3047 iterum:
523 3002 552 3049 ut
563 3003 720 3060 cognoscatur
738 2999 835 3062 quando
853 3004 879 3051 et
893 2997 1012 3063 quantum
1029 3003 1146 3062 peccetur
1166 3003 1318 3062 inpraesenti

292 3067 435 3129 quotidiani
443 3067 566 3128 'materii‚
578 3070 752 3118 consideranda
761 3065 863 3120 est'turn
876 3072 980 3120 intentio
992 3065 1170 3129 interna,nr'm1
1184 3068 1275 3130 nempe
1286 3083 1318 3119 ex

292 3137 349 3184 odio
360 3138 426 3196 gravi
441 3137 481 3185 vel
493 3137 619 3197 levisigna
629 3139 718 3187 amoris
735 3136 987 3199 'subtrahanturatim
1009 3137 1150 3186 scandalum
1167 3131 1318 3187 inimicinel

292 3207 404 3266 aliorum,
413 3206 478 3266 quod
488 3218 561 3265 grave
572 3209 648 3258 etiam
659 3210 686 3260 et
695 3209 792 3258 reniale
802 3221 856 3264 ease
869 3210 962 3268 potest.
969 3209 1018 3266 Sic,
1028 3207 1144 3266 inquitli.
1152 3208 1226 3266 Dens,
1235 3209 1318 3267 potest

293 3288 346 3321 esse
362 3288 435 3335 gravo
447 3276 602 3336 scandalum,
611 3277 631 3325 si
653 3278 920 3338 pluribuooccurrcns,
939 3277 1004 3327 inter
1014 3288 1075 3336 quoe
1092 3277 1220 3336 inimicus,
1232 3289 1319 3328 omues

292 3346 381 3404 praeter
392 3357 450 3392 cum
464 3346 563 3393 salutes.
628 3355 629 3361 ¹

323 3411 357 3473 (l)
367 3413 514 3473 spontione
523 3410 699 3472 reniamnoni
710 3413 910 3462 reconciliatione
918 3412 1021 3460 excusat
1031 3413 1124 3471 iniuria
1137 3414 1242 3474 mulua3

322 3483 351 3530 nt
363 3483 487 3542 absentia,
498 3484 525 3530 ni
535 3482 627 3542 irn'urii
637 3484 739 3535 allectus
748 3497 794 3544 per
801 3484 897 3544 litteras
914 3482 978 3532 adiri
989 3484 1080 3544 possit3

322 3547 674 3612 Etj'anrfnetareconciiiati03
852 3555 854 3558 '

322 3620 352 3667 nt
359 3621 516 3680 praesumptio
524 3613 632 3681 prudens
640 3621 759 3668 offensum
769 3633 832 3680 non,
843 3622 886 3668 ant
905 3616 969 3669 male
980 3611 1168 3684 responsurum,
1184 3625 1227 3671 aut
1237 3623 1315 3670 venias
1361 3638 1364 3646 ·

292 3687 437 3746 petitionem
459 3687 535 3748 magis
545 3689 684 3736 obfuturam
695 3685 769 3749 quim
785 3689 938 3750 profuturam
951 3691 1012 3740 iore.
1025 3694 1087 3741 ilinc
1104 3707 1152 3740 non
1163 3689 1244 3740 statim
1261 3692 1320 3745 post

293 3753 408 3812 injuriam
420 3771 516 3817 semper
525 3759 631 3819 petenda
642 3759 727 3818 venia,
738 3761 843 3820 excepto
852 3756 866 3807 'a
876 3761 948 3820 filiis,
959 3763 1118 3810 uxoribus'et
1127 3762 1182 3808 aliis
1200 3757 1315 3819 subditis,

292 3818 335 3884 qui
346 3825 427 3872 tamon
438 3836 470 3872 er
481 3827 557 3875 variis
567 3821 647 3874 causis
656 3827 898 3888 possuntaliquand'o
909 3833 935 3878 et
945 3831 1026 3880 forsan
1044 3827 1107 3890 sapi
1116 3827 1237 3876 excusari.

316 3893 375 3941 Nota
387 3907 394 3940 a
406 3894 497 3944 Serrana
506 3895 638 3946 veriorum
656 3897 764 3948 aristi:
779 3900 806 3948 st
819 3900 887 3958 etiem
898 3913 984 3951 maenaa
999 3904 1075 3956 ulan,
1087 3899 1145 3956 ein,
1162 3897 1204 3944 iric
1223 3895 1260 3946 ett
1270 3910 1277 3944 ι
1288 3897 1315 3946 Β
