2932 4658
574 343 811 402 nrcsuoor.
1134 311 1223 423 339,

188 463 191 470 v
216 440 265 490 iiii
274 434 348 496 verb,
358 433 425 485 inter
441 425 628 496 passurumne,
648 435 693 483 bas
704 431 899 487 circumstantias
907 429 1042 482 'nummant
1055 425 1107 482 bon
1115 429 1207 481 addere

185 512 233 560 uisi
244 508 367 559 venialem
376 505 496 558 malitiam
504 503 649 564 specialem,
660 504 719 564 quia
727 503 834 552 rationes
844 501 924 555 allatae
938 515 989 550 non
998 502 1057 550 sunt
1067 501 1147 561 gravis
1157 512 1208 550 mo·

94 570 98 576 ¹
186 580 276 638 menti,
285 579 312 626 et
322 575 430 624 indicant
440 568 518 622 soldm
527 572 657 633 peceatum
665 571 843 633 prodigalitatis
857 571 885 620 in
894 570 1006 632 virgine,
1020 583 1074 632 quae
1085 569 1155 630 quasi
1164 569 1210 617 ha*

185 649 227 700 bet
237 646 374 695 dominium
393 642 432 692 sui
450 640 571 701 corporis,
582 641 622 688 sui
641 637 735 700 statis;
745 639 770 689 et
780 639 862 687 ierem
873 639 990 697 iniuriam
1006 634 1062 698 erpi
1077 637 1207 700 parentes;

185 715 242 768 cum
251 715 366 766 notabilis
376 725 425 760 non
434 710 547 760 videatur
557 709 695 757 differentia
703 708 769 757 inter
778 707 914 755 custodiam
931 707 1069 766 naturalem
1075 707 1207 768 pareutum

185 783 242 850 ergt
251 786 314 834 filias
325 795 381 831 suas
389 779 509 839 virgines,
520 781 546 826 et
560 777 695 826 custodiam
711 777 799 842 itidem
813 775 952 823 naturalem
962 771 1018 835 erpi
1027 775 1078 834 lam
1088 770 1206 836 perditas.

215 859 243 904 in
261 853 307 902 hbe
327 849 504 909 sententiarum
522 845 675 908 oppositione
691 840 770 892 tutids
780 840 941 904 'a-stupratore
958 845 1079 904 quantur
1095 854 1127 890 au
1137 841 1209 900 virgo

185 925 261 974 fuerit
272 913 385 984 'pueuat
398 931 424 966 se
435 915 545 976 cognita,
556 913 668 974 mauvis
678 909 811 974 sepissime
831 912 989 972 respondebit
1005 925 1032 961 se
1042 912 1147 962 nescire.
1158 909 1207 958 Sed

184 997 215 1043 ab
225 991 278 1055 ipsi
285 987 367 1052 puella
377 987 404 1034 id
414 998 463 1033 non
471 995 607 1044 quaererem
621 983 670 1030 nisi
679 977 833 1041 cautissime,
843 980 960 1039 diceudo,
971 993 997 1030 r.
1018 991 1057 1040 ga
1066 983 1145 1041 primo
1155 979 1207 1026 oles

184 1067 231 1128 pud
239 1064 357 1126 peecatum
367 1057 410 1105 boc
420 1051 563 1108 commisisti,
573 1061 621 1098 noa
629 1053 733 1112 capitosis·
742 1054 814 1100 dicere
825 1047 886 1110 qudd
896 1051 961 1110 otrpo
972 1063 1035 1099 aas.
1044 1049 1092 1095 Sed
1101 1059 1147 1096 nee
1157 1047 1207 1095 hoe

184 1141 330 1196 quaererem,
342 1126 363 1174 si
377 1121 481 1174 timendi
492 1121 573 1167 locum
584 1116 701 1170 haberem
710 1132 742 1168 ne
756 1117 904 1176 mentiatur,
914 1117 973 1177 quia
991 1115 1117 1176 integritas
1126 1115 1206 1162 mate-

182 1203 250 1252 rialis
259 1193 416 1249 confessionis
430 1201 480 1236 non
490 1188 579 1246 obligat
589 1185 646 1234 cum
656 1187 723 1234 ento
741 1186 861 1246 periculo.
872 1180 957 1244 Quold
971 1197 1013 1232 eas
1022 1197 1077 1244 quae
1089 1183 1205 1230 confiten-

182 1276 223 1322 tur
233 1267 391 1330 cogitationes
400 1259 489 1315 malas,
499 1256 582 1303 nescio
592 1267 624 1302 an
634 1253 683 1302 sint
702 1253 842 1302 confessarii
857 1253 901 1312 qui
912 1265 953 1300 eas
973 1253 1005 1300 de
1020 1248 1204 1300 circumstantia

182 1336 329 1402 virginitatis
348 1325 511 1384 interrogent,
521 1324 633 1383 quamvis
648 1321 879 1371 miesconiessarios
892 1333 918 1367 se
929 1321 1026 1368 nouisse
1039 1318 1106 1368 dicat
1116 1315 1205 1366 (tollet.

213 1407 248 1472 (p)
259 1406 289 1452 Et
302 1403 414 1466 stuprum
432 1391 590 1442 committunt
597 1403 652 1451 quae
670 1387 750 1450 prima
765 1389 820 1438 rice
838 1400 865 1436 se
875 1387 994 1447 tansum,
1008 1385 1205 1436 intromittendo·

181 1476 301 1606 Blllail.
312 1519 416 1584 'ihomas
426 1529 452 1580 et
461 1524 521 1577 (tab.
532 1527 589 1576 Ant.
599 1522 641 1576 bic
657 1537 745 1574 rernm
759 1498 872 1586 stuprum
886 1475 1106 1584 agnostunfflura
1115 1519 1154 1576 vir
1163 1519 1205 1570 ln-

181 1605 424 1742 telitll'liiooiiinte
438 1667 464 1718 et
473 1643 590 1727 corpore,
605 1663 658 1714 sire
674 1623 890 1721 reresurrectio.
905 1657 1070 1711 involuntarie
1080 1656 1147 1722 (nisi
1157 1669 1203 1718 per

181 1751 258 1799 solam
265 1743 426 1808 pollutionem
436 1736 445 1800 )
457 1735 584 1796 corrupta,
593 1731 689 1796 nequit,
700 1732 746 1778 sub
752 1732 864 1790 mortali,
874 1723 940 1777 inter‘
950 1729 1058 1788 virgines
1067 1725 1202 1775 consecrari
1252 1764 1255 1772 ,

181 1831 225 1866 seu
234 1817 318 1866 velum
329 1807 516 1860 consecrationis
527 1804 639 1862 accipere
650 1801 692 1848 aut
702 1800 796 1860 petere.
807 1802 926 1859 norman.
936 1800 968 1846 Ρ.
976 1797 1033 1846 Ass
1043 1795 1059 1845 d
1069 1796 1161 1845 Goniid
1169 1807 1202 1844 ex
1282 1805 1292 1826 ·

179 1897 234 1933 can.
245 1879 345 1938 scutilo,
359 1878 416 1925 dist.
436 1875 475 1922 ao.
487 1873 535 1920 Sed
552 1872 633 1932 potest
642 1871 698 1918 vota
717 1868 788 1916 solita
799 1866 1014 1928 emitterebetiam
1024 1863 1151 1916 solemnia.
1160 1863 1202 1912 nst

178 1953 200 2000 si
210 1949 318 2012 profiteri
324 1945 385 1996 velit
395 1945 423 1992 in
432 1941 579 1990 monasterio
588 1939 632 1986 ubi
642 1949 694 1984 mos
704 1935 736 1983 sit
746 1933 1202 1999 quourprscopuseonsecretpucmes,

175 2019 357 2071 contentusero
367 2012 442 2064 debet
450 2011 507 2064 reio
517 2007 675 2059 continentiae
686 2005 712 2054 et
719 2005 880 2054 observantia

547 2153 736 2217 'SEGTIO
754 2153 819 2213 VL‘
845 2180 846 2184 ,

608 2320 646 2378 De
665 2316 771 2366 incestu.

220 2483 293 2566 369.
311 2454 457 2543 Incussus
471 2466 571 2556 (cujus
583 2454 734 2532 malitiam
751 2460 786 2530 in
798 2453 910 2530 iisdem
917 2457 1066 2552 gradibus
1083 2473 1202 2527 contra·
1298 2516 1311 2529 ,

175 2577 255 2646 hunt
266 2573 335 2642 aliae
348 2563 567 2662 impudicitiae)
579 2577 625 2630 est
636 2557 812 2628 concubitus
826 2583 897 2654 erun
910 2555 1043 2652 pensent
1056 2553 1202 2622 naturali·

177 2691 243 2753 ter,
271 2662 471 2763 spiritualiter
495 2674 548 2728 aut
573 2655 715 2747 legaliter
745 2654 907 2742 conjuncti
933 2647 1118 2740 ¹cognatione
1149 2662 1202 2715 aut

151 2839 153 2848 ,
178 2764 325 2835 allinitate
338 2760 420 2826 intra
433 2755 548 2845 gradus
558 2747 746 2844 prohibitos.

219 2853 356 2923 Gravior
371 2865 416 2917 est
429 2849 462 2913 in
472 2841 734 2932 consanguinitate
748 2841 841 2932 quam
851 2835 885 2903 in
899 2833 1063 2930 affinitate3
1074 2831 1202 2908 in'lined

178 2951 262 3018 recle
284 2951 378 3039 quam
391 2944 424 3008 in
438 2935 629 3022 [collaterali3
645 2935 679 3000 in
698 2934 798 3024 gradu
815 2929 1029 3026 propinquiori
1052 2933 1146 3021 quarn
1167 2929 1201 2996 in

176 3037 355 3118 remotiori;
371 3051 401 3103 et
411 3031 593 3123 indigniori
605 3033 698 3124 quarn
713 3028 747 3094 in
759 3023 868 3096 minus
876 3025 970 3118 digno
980 3077 990 3110 ,
1002 3049 1071 3092 cum
1080 3023 1200 3106 matre,

176 3167 208 3210 v.
224 3137 467 3230 g.,quamcum
478 3128 582 3197 filil,
970 3209 975 3212 -
1114 3117 1116 3120 ’

217 3235 298 3321 Quae
312 3227 436 3309 omnia,
452 3221 594 3318 quamvis
604 3221 710 3289 forsan
726 3217 828 3312 specie
846 3239 908 3284 non
919 3215 1061 3298 diversa,
1072 3213 1106 3280 iu
1123 3237 1202 3280 eon-

175 3328 307 3396 sessione
321 3319 538 3413 distinguenda
551 3333 641 3396 sunt,
651 3317 692 3384 ob
711 3311 930 3382 notabiliorem
944 3307 1175 3378 difformitatem
1189 3343 1212 3391 ‚·
1278 3333 1288 3371 ·.

176 3419 285 3490 saltem
294 3421 328 3487 in
337 3418 446 3514 primis
457 3412 619 3508 gradibus.
720 3475 733 3485 ,

216 3515 303 3585 Nota
321 3543 331 3584 a
350 3515 388 3582 ln
400 3509 580 3602 cognatione
594 3501 749 3602 spirituali
770 3501 846 3590 (ubi
864 3498 978 3598 duplex
1000 3492 1138 3580 malitia,
1155 3497 1201 3584 ip·¹
1285 3548 1295 3564 ,

177 3612 276 3680 costis
290 3612 401 3702 nemp'e
416 3623 446 3674 et
460 3603 614 3696 sacrilegii
634 3603 675 3670 ob
691 3599 838 3691 injuriam
857 3595 971 3664 factam
987 3596 1199 3677 sacramento)

176 3705 341 3774 dicendum
354 3704 480 3795 insuper
494 3725 534 3768 an
545 3699 625 3767 iuter
638 3697 793 3766 levantem
806 3707 837 3758 et
850 3691 987 3760 levatum
997 3690 1092 3778 [768]
1103 3688 1166 3774 (a).

207 3877 244 3941 (a)
253 3876 304 3928 Etsi
313 3875 397 3939 plures
408 3869 622 3922 incestumsaitern
631 3861 859 3918 similitudinarium
868 3855 995 3912 inveniant
1006 3861 1032 3910 in
1043 3857 1130 3920 eupuli
1139 3871 1198 3911 eor.-

398 3956 400 3964 ’
1047 3945 1092 3981 aa.
