2990 4672
529 326 853 410 ,un'enccnnrs'
933 415 936 420 Δ
957 423 971 429 ..
1144 324 1207 412 157

182 453 243 500 num
251 439 403 490 remotarum
414 447 535 486 excusare
540 451 611 500 posse
622 433 636 486 i
647 437 753 486 mortali.
769 433 887 484 Fateatur
897 433 972 496 etiam
982 431 1048 482 inter
1056 445 1097 481 eos
1110 433 1210 494 quidam

182 511 279 562 admitti
295 521 366 570 posse
377 508 540 568 ignorantiam
550 508 722 556 invincibilem
733 507 848 566 respectu
866 500 968 566 practici
980 505 1143 562 coctamque
1154 502 1213 551 sont

183 575 265 628 contra
276 577 445 626 conclusiones
463 576 569 624 remotas
581 576 646 634 juris
656 577 758 624 uaturae.
771 575 818 623 Sed
838 573 882 622 alii
891 573 981 632 negant
997 571 1161 631 damnantque
1180 571 1211 618 de

182 650 282 709 peccato
292 646 384 694 veniali
396 647 426 692 D.
437 645 555 692 Tbomam
561 645 690 692 docentem
700 657 771 704 posse
779 643 888 702 iudicem
895 641 1058 689 condemnare
1068 639 1100 685 ad
1108 638 1212 686 mortem

182 727 252 765 reum
261 710 367 773 iuridici
376 714 516 761 convictum
526 714 557 762 de
567 715 670 762 crimine
679 707 1009 776 capitali,quamvisprivatd
1017 705 1121 756 scientii
1128 709 1212 754 noscat

183 799 242 836 eum
254 797 306 832 esse
316 784 490 838 innocentem„

213 849 283 901 Licet
293 851 394 910 rigidior
404 850 519 898 videatur
529 849 718 898 Loraniensium
729 848 865 908 sententia,
875 848 939 895 absit
954 846 1038 894 tamen
1048 845 1077 893 ut
1091 840 1105 893 t
1115 843 1212 892 mortali

184 920 333 970 excusentur
342 919 520 978 communiter,
531 919 562 966 ob
573 917 745 978 ignorantiam,
754 918 860 977 iuvenes
870 917 986 964 mollitiei
999 915 1092 963 dediti:
1105 911 1155 962 imb
1167 926 1214 962 nec

184 989 226 1050 qui
237 989 383 1048 simpliciter
394 989 420 1034 in
431 999 457 1034 se
469 988 494 1034 et
507 982 521 1034 i
533 987 629 1035 fortiori
646 988 673 1034 iu
683 988 744 1034 alios
755 989 811 1036 ante
821 986 978 1048 pubertatem
988 985 1071 1045 turpia
1081 985 1212 1044 exercent,

178 1049 224 1106 ‘cel
233 1069 262 1104 eo
272 1057 323 1104 solo
333 1051 468 1116 quodsaepd
480 1055 566 1103 saltem
576 1055 652 1108 iuliis
663 1056 899 1116 gravemqunmdam
908 1053 1094 1116 apprehendant
1104 1051 1212 1114 turpitu-
1270 1111 1273 1116 ἱ

183 1125 268 1174 dinem
301 1125 365 1184 7l,b
392 1157 398 1171 .
721 1144 724 1149 ·
1009 1134 1010 1137 ’

213 1121 424 1242 ldem[diceudi1m
435 1191 466 1239 de
477 1190 670 1250 conjugibusqui
680 1191 706 1236 in
716 1203 762 1237 usu
771 1189 923 1238 matrimonii
930 1185 1013 1238 contri
1024 1187 1079 1248 cius
1087 1185 1163 1238 iinem
1171 1192 1215 1239 aut

183 1258 268 1312 contra
277 1261 392 1310 naturam
403 1260 493 1320 agunt,
504 1261 545 1308 vel
557 1253 627 1306 extri
638 1272 711 1308 usum
727 1271 781 1306 sese
800 1256 909 1306 solitarie
918 1259 962 1306 aut
973 1261 1080 1308 invicem
1090 1261 1214 1321 polluunt.

183 1331 289 1390 Tamen,
300 1325 356 1378 edm
367 1330 394 1376 in
410 1329 510 1388 publico
522 1328 565 1374 illa
575 1341 625 1377 uon
643 1328 737 1388 possint
753 1322 819 1374 clard
835 1327 933 1374 edoceri
955 1328 1085 1388 decenter,
1107 1325 1157 1376 rma
1168 1342 1215 1377 nec

184 1411 283 1460 semper
296 1399 444 1448 moneantur
462 1395 529 1458 qubd
547 1409 633 1444 curare
649 1397 756 1445 debeant
766 1397 879 1456 edoceri,
891 1397 989 1457 sintque
1006 1399 1108 1457 plurimi
1119 1399 1215 1447 confes-

183 1471 242 1520 sarii
253 1471 312 1532 qui,
323 1469 365 1518 rel
376 1465 472 1516 incurii
493 1468 535 1515 rel
546 1467 640 1526 pudore
651 1466 761 1514 indebito
773 1479 815 1514 eos
829 1478 879 1514 non
890 1466 1030 1525 instruunt,
1041 1467 1085 1514 aut
1104 1479 1153 1515 uon
1164 1469 1215 1515 sul-

184 1537 313 1596 iicienter,
326 1537 370 1584 sed
384 1533 462 1583 soldm
472 1535 498 1584 in
509 1537 581 1594 globo
591 1548 598 1594 ;
610 1530 667 1582 edm
678 1532 768 1594 passim
779 1535 811 1582 ab
822 1535 973 1594 libidinosis,
984 1536 1025 1584 vel
1039 1537 1130 1596 ignaris
1139 1538 1165 1586 et
1175 1538 1216 1584 in-

185 1606 335 1655 verecundis
353 1605 455 1652 audiant
470 1605 552 1652 omnia
569 1606 597 1650 iu
611 1604 767 1652 matrimonio
788 1604 858 1652 lleits
869 1617 922 1652 esse
937 1605 1004 1652 inter
1018 1606 1148 1666 conjuges,
1166 1619 1216 1653 non

186 1675 307 1723 auderem
318 1687 426 1725 asserere
437 1670 561 1734 nunquam
569 1669 687 1722 imortali
700 1675 812 1721 excusari
823 1672 1131 1734 posseeos‚praesertimiu
1141 1677 1217 1723 rebus

185 1756 242 1804 quae
253 1739 345 1790 remote
357 1741 388 1790 ad
402 1743 476 1790 linem
491 1743 643 1790 matrimonii
663 1743 799 1801 obsistunt,
820 1743 849 1792 ut
862 1743 889 1790 iu
906 1745 1085 1806 pollutionibus
1095 1757 1157 1806 quas
1166 1757 1216 1807 nou

186 1823 221 1858 ex
231 1811 339 1870 intento,
350 1811 394 1858 sed
404 1823 436 1858 cx
455 1811 531 1869 jocis,
548 1812 661 1871 quamvis
672 1809 810 1860 voluntarie
817 1813 853 1872 ,in
863 1811 949 1872 causa,
961 1813 1009 1860 sibi
1020 1817 1216 1873 procuraverimt

181 1874 262 1942 sibi,
272 1893 285 1926 c
294 1877 314 1942 ].
326 1881 345 1926 l
356 1880 450 1927 fortiori
462 1880 483 1926 si
495 1881 546 1926 siut
556 1877 657 1928 aliunde
669 1882 788 1929 timorata
805 1883 969 1930 conscientiae.

215 1951 277 1998 Nota
289 1965 296 1997 a
308 1951 332 1999 Si
344 1965 392 1999 nna
403 1950 472 1999 actbs
480 1952 539 1998 mali
546 1953 730 2001 circumstantia
739 1954 919 2002 invincibiliter
929 1947 1151 2018 immemorata
1161 1959 1215 2006 eam

186 2027 237 2068 non
247 2019 296 2070 erit
305 2020 449 2088 peccatum,
459 2017 623 2070 aiuutmeritb
634 2022 718 2082 plures
728 2017 811 2070 contra
829 2022 899 2071 alios.

667 2175 683 2242 g
698 2180 743 2225 ιν.

233 2341 304 2404 180.
322 2334 785 2404 Coucuorscnurmantccedcns
803 2351 895 2427 auget
907 2337 1113 2408 voluntarium
1128 2341 1216 2412 abso·

188 2431 299 2512 lutum,
314 2431 370 2499 sed
382 2431 495 2498 minuit
509 2431 681 2524 perfectum
693 2447 724 2499 ct
737 2431 888 2513 liberum,
905 2459 941 2502 ac
955 2436 1086 2524 proinde
1100 2464 1216 2531 pccca-

186 2540 267 2592 tum.
284 2524 372 2614 Quin
382 2541 412 2592 et
422 2525 501 2592 illud
511 2526 653 2618 impedit,
666 2527 692 2594 si
704 2526 831 2594 rationis
845 2530 1071 2609 usumaufcrat,
1083 2550 1118 2600 ut
1131 2535 1163 2601 in
1176 2533 1216 2604 iis

188 2621 242 2713 qui
256 2647 292 2688 ex
306 2645 411 2688 amore
425 2620 594 2702 insaniuut;
607 2637 769 2716 potestque
794 2621 892 2708 illud,
906 2625 946 2692 ob
960 2627 1044 2694 actds
1053 2627 1217 2723 imperfec-

187 2718 322 2798 tionem,
337 2715 471 2783 reddere
486 2717 525 2783 dc
535 2718 662 2784 mortali
672 2715 803 2786 veniale.
1057 2718 1060 2724 ’

229 2810 364 2900 Excipe,
376 2809 403 2876 si
417 2809 590 2876 voluntaria
600 2813 641 2878 sit
654 2813 687 2878 in
697 2815 798 2893 causd;
810 2838 883 2882 nam
895 2814 1137 2906 concupiscentia
1148 2843 1218 2886 con-

191 2903 341 2988 comitans
358 2917 409 2968 aut
430 2927 634 2995 consequens,
647 2911 718 2973 edm
729 2907 769 2974 sit
786 2909 966 3004 culpabilis,
978 2914 1119 3004 quamvis
1142 2913 1219 2984 libo

191 3023 263 3067 rum
276 2995 393 3063 minuat
407 2996 440 3064 in
452 3021 503 3076 se,
519 3015 679 3090 peccatum
692 3017 797 3070 tamen
810 3018 917 3102 auget,
931 3006 1004 3101 quia
1017 3008 1156 3080 voluntas
1169 3035 1218 3080 ar·

192 3093 392 3184 doremajori
405 3093 505 3163 fertur
514 3095 548 3162 in
560 3096 687 3165 malum.
939 3125 942 3132 ·

233 3188 324 3257 Idem
339 3187 505 3258 dicendum
519 3191 559 3260 dc
573 3189 728 3261 habitibus
739 3195 844 3288 pravis
858 3195 958 3266 libert
976 3201 1139 3269 contractis
1153 3253 1161 3283 ‚
1188 3217 1219 3270 et

191 3286 310 3366 libert,
326 3283 540 3372 sivcdirecid,
566 3289 631 3357 sivc
656 3289 806 3360 indirecte
833 3294 1019 3361 conservatis
1043 3297 1215 3366 autauctis.

232 3380 277 3450 Et
294 3382 334 3450 dc
355 3384 514 3452 occasione
533 3384 645 3453 libers.
666 3385 744 3454 Haec
764 3386 846 3454 enim
863 3385 985 3458 nonnisi
998 3390 1169 3460 voluntarie
1182 3391 1220 3458 li-

192 3478 345 3544 hertatcm
354 3478 509 3546 minuunt.

236 3569 301 3638 Sed
324 3569 448 3639 habitus
470 3572 570 3641 malus
597 3599 661 3642 non
683 3591 823 3645 censetur
846 3575 1036 3648 voluntarius
1058 3577 1219 3672 poenitenti

195 3692 265 3738 eum
279 3691 316 3734 cx
326 3681 391 3733 toto
404 3667 496 3735 corde
511 3671 687 3740 retractanti
697 3673 760 3757 (a).
1218 3679 1220 3681 ’

237 3765 324 3857 Nota
341 3762 620 3860 :Concupiscentia
636 3793 824 3863 consequens
836 3783 938 3864 potest
951 3793 1018 3845 esse
1036 3775 1219 3852 antecedens

198 3877 336 3976 respafftl
357 3860 678 3959 alteriusvoluntatis,
693 3865 888 3966 ciricissim.
1209 3901 1212 3910 ¹
