2984 4666
563 277 801 340 oncanoot.
880 274 889 289 ·
1125 258 1197 334 283

210 369 305 444 Rari)
319 387 423 440 tamen
436 384 482 438 est
492 365 544 438 hic
556 369 742 464 pertinacia,
759 369 813 437 sed
827 367 947 435 tantiam
961 381 1117 458 peccalum
1128 394 1196 436 con·

174 471 222 532 uri
235 464 420 556 religionem
437 481 662 559 etpraecrptum
677 465 750 532 talei
763 464 896 532 exterius
910 463 1101 530 confitenda.

215 558 362 628 Tandem
389 560 451 628 alia
465 583 557 652 quarn
569 559 733 628 formalem
749 574 882 642 vocant,
906 581 975 652 quae
994 572 1061 636 est,
1078 557 1196 627 directi

167 653 224 722 'vel
237 655 400 736 indirecte,
408 653 543 722 scienter
555 671 588 722 et
599 655 681 723 serio
667 653 829 748 prolata;

216 747 260 815 Et
273 748 335 815 alia
344 773 443 841 quarn
456 748 649 817 materialem
659 749 830 844 appellant,
841 749 913 814 cium
926 747 1085 816 recitative
1095 745 1196 814 solim

173 857 226 910 aut
239 843 466 914 inadvcrtenter
479 844 648 938 profertur.

204 999 239 1070 (ιι)
250 1009 438 1070 ut,s1penona
449 979 528 1058 amata
539 1009 679 1070 appelletur
691 1013 768 1070 Deua,
784 1009 921 1067 Beotitodo,
931 1008 980 1056 nisi
995 1009 1077 1056 tamen
1095 1019 1141 1068 per
1149 1007 1196 1068 hy·

173 1078 297 1135 perbolem
305 1074 392 1139 sutrim,
401 1082 427 1128 et
434 1091 482 1126 nou
490 1081 571 1132 animo
582 1079 733 1138 significandi
740 1093 747 1138 ς
754 1077 824 1126 modi)
834 1079 931 1140 loquela
941 1079 976 1126 sic
988 1077 1193 1138 apprehendatur.

204 1143 292 1206 (blb'el
310 1146 401 1204 jocoso.
419 1147 497 1194 rumis
515 1147 581 1196 euim
592 1159 693 1206 magnus
709 1149 789 1207 Deus,
807 1150 867 1206 etc,
877 1143 958 1208 quam.
968 1148 996 1194 ut
1005 1146 1061 1206 joco
1078 1147 1122 1194 aut
1132 1144 1195 1194 risul

172 1217 252 1262 nostro
267 1219 412 1275 exponatur.
424 1217 536 1262 Attamen
546 1217 614 1264 aliud
629 1217 666 1264 rei
678 1215 715 1264 est
724 1217 753 1263 de
764 1218 815 1263 Deo
827 1217 866 1264 vel
880 1217 954 1262 rebus
969 1215 1060 1264 sanctis
1069 1213 1195 1274 iocari,et

172 1282 238 1330 allud
246 1283 323 1341 iocari
333 1297 362 1334 ea
373 1283 519 1332 adhibendo.
531 1281 576 1333 llic
586 1285 653 1335 euim
660 1285 758 1334 videtur
766 1281 845 1333 solinu
852 1298 904 1333 esse
913 1284 1135 1343 delectushonorio,
1145 1295 1193 1332 nou
1278 1289 1285 1302 ‘

172 1353 333 1414 blasphemia.

615 1417 729 1429 —-—..

213 1489 251 1550 3
254 1489 285 1552 5
295 1481 497 1574 Blasphemia
510 1481 713 1563 formalisst
687 1509 753 1551 save
764 1485 901 1564 directa
927 1483 992 1552 sive
1019 1483 1191 1567 indirecta,

172 1593 329 1684 peccatum
344 1577 474 1645 mortale
496 1593 540 1644 cst
555 1587 675 1645 exicio
692 1601 876 1669 generosae
898 1580 960 1665 (a)

213 1673 278 1740 Sed
293 1671 409 1740 directa
422 1672 512 1758 longi
527 1673 628 1741 adhirc
641 1675 778 1764 gravior

203 1835 237 1898 (a)
250 1835 338 1886 Sedulo
352 1838 515 1898 interrogandi
526 1839 568 1899 qui
580 1839 743 1900 blasphemias
759 1839 919 1899 confitentur,
933 1839 994 1900 quid
1008 1839 1131 1900 dixerint,
1142 1854 1191 1902 qrro

170 1908 270 1966 dilectu,
281 1905 329 1967 qui
349 1907 493 1954 intentione.
509 1905 576 1968 Sept
594 1910 660 1956 enim
679 1910 855 1970 blasphemiam
873 1911 1025 1958 contundunt
1041 1923 1098 1956 cum
1109 1913 1192 1959 verbis

168 1987 222 2036 qrrae
232 1989 299 2024 mera
310 1977 366 2023 sunt
376 1977 486 2023 convicia
502 1977 528 2022 in
540 1978 650 2024 homines
667 1977 796 2024 bestiasve.
809 1975 876 2037 Saepd
894 1980 969 2024 etiam
980 1991 1036 2024 curn
1045 1978 1192 2035 juramentis

169 2045 337 2096 execratoriis.
348 2041 451 2091 Aliunde
462 2045 614 2104 blasphemia
627 2057 676 2092 ιιοιι
686 2045 740 2092 ιιιὸ
747 2047 915 2103 iuramentum
925 2058 1051 2092 annexum
1064 2047 1154 2104 habet,
1166 2047 1191 2092 et

168 2109 287 2162 uicissim.

200 2181 242 2228 Ast
253 2192 301 2226 non
312 2176 384 2226 tacllt
395 2180 420 2226 in
430 2180 502 2239 praxi
513 2180 628 2226 altinnari
636 2181 715 2240 potest
725 2193 756 2227 aa
767 2181 826 2227 talia
834 2179 860 2226 ct
877 2179 938 2226 talia
946 2179 1020 2227 verba
1031 2179 1190 2239 blasphemias

170 2249 228 2296 sint.
242 2251 290 2295 Nec
302 2250 369 2295 enim
389 2249 537 2308 accipiendus
555 2249 724 2296 excusationes
736 2261 821 2296 eorum
839 2250 880 2309 qui
899 2249 984 2296 dicunt
1004 2261 1030 2296 se
1048 2249 1191 2300 formalibus

168 2317 332 2377 blasphemiis
339 2318 440 2364 uti‘sine
449 2318 530 2364 animo
541 2318 699 2364 inhonorandi
709 2319 788 2364 Deum
797 2319 837 2366 vel
848 2331 886 2364 res
897 2329 988 2375 sacras,
997 2318 1078 2364 autex
1089 2319 1191 2380 subrep-

168 2386 236 2434 tione
247 2386 305 2434 talia
318 2386 368 2432 illis
378 2387 501 2434 excidere.
514 2387 644 2446 Equidem,
655 2399 686 2432 ex
697 2388 726 2434 Ι).
738 2384 844 2444 ΊΊιοιιιιὶ,
859 2387 987 2446 peccatum
1002 2387 1082 2432 solum
1092 2389 1190 2450 veniale
1276 2397 1283 2409 ¹

169 2455 206 2501 est
216 2455 367 2513 blasphemia
378 2455 526 2513 materialis,
539 2450 594 2502 edm
606 2451 694 2514 nempe
702 2448 795 2514 aliquus
805 2467 853 2502 uon
870 2455 977 2504 aduertit
995 2455 1041 2501 hoc
1052 2455 1117 2514 quod
1128 2456 1190 2506 dicit

102 2538 104 2542 ¹
168 2524 419 2582 esseblasphemiaru,
430 2525 458 2570 ut
469 2518 525 2570 ein
546 2523 627 2571 subiti>
642 2537 673 2571 ex
692 2523 774 2584 aliqua
795 2524 906 2583 passione
927 2524 953 2570 in
965 2525 1039 2570 verba
1057 2524 1188 2584 imaginata

167 2592 313 2651 prorumpit,
321 2604 424 2651 quorum
435 2591 636 2650 significationem
646 2605 693 2640 non
705 2593 848 2639 considerat.
856 2587 1019 2638 Nihilominus
1030 2592 1091 2640 tales
1098 2593 1189 2641 debent

167 2660 215 2706 sibi
233 2672 335 2717 cavere,
348 2661 373 2707 et
384 2661 501 2707 tractandi
514 2661 570 2707 sunt
580 2661 644 2708 sicut
655 2661 737 2708 caeteri
752 2661 960 2708 consuetudinarii
975 2661 1019 2720 qui
1034 2673 1066 2706 ex
1084 2661 1189 2719 subrep-

166 2727 233 2774 tione
252 2729 364 2787 peccaut.
376 2729 402 2776 Si
420 2729 485 2775 enim
496 2728 592 2787 quando
611 2729 743 2776 advertunt
757 2742 812 2788 quae
830 2730 915 2778 dicunt
929 2742 981 2776 esse
998 2729 1187 2788 blasphemiam,

168 2795 369 2854 considerantque
385 2797 518 2854 significata
528 2799 673 2854 verborum,
685 2798 822 2844 mortaliter
836 2800 939 2858 peccant
947 2793 1018 2855 juxti
1035 2799 1148 2844 eumdem
1162 2800 1187 2846 S.

167 2861 311 2920 Ductorem,
331 2863 396 2910 sicut
411 2864 454 2923 qui
476 2876 509 2910 ex
526 2863 608 2924 aliquo
622 2863 665 2911 irae
680 2865 749 2912 motu
768 2866 844 2913 alium
858 2867 961 2926 occidit;
977 2877 1083 2914 curnou
1101 2865 1188 2913 itidem

167 2927 265 2989 qmndh
279 2929 407 2978 advertere
422 2930 528 2978 debenti

197 2997 245 3045 Sed
252 2994 406 3057 quandonam
411 3000 486 3047 verba
495 3000 525 3046 de
537 3012 562 3046 se
569 2995 787 3059 blasphematoris
795 3001 986 3061 utblaspberniae
996 3000 1107 3048 habenda
1116 3000 1189 3050 suntt

168 3069 195 3116 lu
205 3079 294 3126 genere
305 3066 402 3127 quando
412 3070 452 3116 vel
464 3081 496 3116 ex
505 3067 602 3128 propria
611 3063 796 3129 significatione,
807 3071 848 3118 vel
859 3072 982 3118 communi
993 3071 1187 3130 apprehensione

167 3137 193 3184 et
203 3149 249 3183 usu
259 3136 358 3195 patria,
370 3137 410 3184 vel
421 3149 453 3184 ex
464 3137 534 3184 inodo
545 3137 674 3197 loquendi,
684 3149 741 3186 cum
754 3137 790 3186 iri
804 3140 876 3186 aut
857 3152 909 3186 stne
920 3139 974 3198 iri,
985 3140 1071 3186 aliisve
1081 3139 1188 3186 circum-

167 3203 277 3262 stantiis,
289 3216 387 3250 sensnm
396 3205 487 3252 habent
498 3205 746 3265 blasphematorium,
757 3219 801 3254 seu
813 3207 939 3255 continent
954 3207 1000 3254 Dei
1012 3209 1055 3255 aut
1064 3207 1101 3254 rei
1112 3217 1188 3254 sacra)

168 3272 193 3317 in
203 3272 283 3322 neuin
293 3273 402 3321 relativae
413 3274 639 3322 dehonestationem
649 3277 689 3324 vel
699 3277 884 3336 vilipensionem,
893 3279 921 3324 ut
931 3275 962 3334 si,
973 3276 1028 3323 ad
1022 3289 1083 3324 tram
1094 3277 1154 3324 aut'
1147 3289 1187 3324 ιιι-
1226 3297 1230 3304 ·

167 3339 333 3399 dignationem
350 3333 551 3402 exprimendam,
562 3343 630 3393 socri
642 3357 698 3394 nom
716 3347 827 3415 denica,
846 3346 889 3394 aut
906 3345 997 3395 similia
1013 3347 1186 3409 proterantur,

168 3405 216 3455 imi)
229 3409 307 3455 forsan
316 3412 427 3468 quamvis
437 3409 532 3460 solium
526 3427 551 3460 ιιι
563 3413 609 3462 iri.

196 3474 257 3535 urge
266 3478 340 3524 verba
351 3477 437 3527 eadem
447 3481 539 3530 alieubi
550 3483 709 3543 blasphemiae
719 3495 773 3532 esse
782 3483 883 3544 possum
893 3484 919 3534 et
928 3495 978 3532 nou
988 3485 1057 3533 alibi.

196 3541 265 3594 Circi
275 3546 346 3606 plura
359 3529 439 3607 potest
447 3548 488 3598 hlc
498 3552 604 3600 suboriri
615 3554 703 3602 saltem
712 3553 825 3601 dubium.
842 3550 957 3612 utrumne
973 3551 1029 3614 erpo
1040 3553 1098 3601 sunt
1106 3552 1185 3603 luter-

166 3616 272 3732 dicenda
280 3616 305 3668 et
316 3616 459 3666 eradicanda
470 3615 585 3680 perlitis,
596 3622 627 3670 ad
636 3617 718 3672 minin
727 3623 757 3671 ut
774 3622 929 3681 scandaloso,
939 3635 994 3683 quae
1007 3622 1190 3684 blasphemiam.

164 3697 251 3745 saprun

195 3755 238 3812 et,
249 3753 342 3802 dictum
353 3753 385 3801 sit
395 3749 660 3819 hicpertranseunaru,
672 3758 817 3810 eradicanda
825 3757 975 3823 loquelaqut
985 3759 1033 3810 sibi
1042 3761 1184 3815 titautaliis

165 3819 280 3868 durbonis
295 3821 447 3886 imprecatio.
