2932 4658
450 339 454 345 ,
592 275 828 332 nncsnonr.
1154 263 1220 334 321

241 363 416 434 Bend'verd
430 354 476 447 si,
503 359 686 458 incipientes
703 362 800 436 rixari
814 363 919 434 dicant
944 363 1079 434 invicem
1093 393 1102 433 e
1125 372 1224 436 Locus

188 457 324 528 'iron‘rsi
338 455 478 536 irionem,
493 457 695 548 egrediamur
708 457 742 524 in
753 457 898 546 plateam
909 457 1111 547 proximam.
1213 461 1216 470 ’

243 553 323 622 Item
346 551 487 648 quamvis
504 554 591 620 fieret
613 552 714 620 solum
734 554 775 621 ad
798 553 1030 621 monstrandam
1055 554 1227 624 dexterita-

200 665 275 730 tem,
287 649 361 742 quia
371 649 485 719 nedum
496 647 681 718 miniatum
696 647 790 730 ferte,
801 639 902 740 magis
912 647 1121 742 periculosum
1133 661 1190 718 esi.

244 743 401 812 Caeterum
412 749 522 837 pariam
541 743 638 812 refert
652 745 758 811 audiat
771 769 844 810 cum
857 759 909 811 aut
921 743 993 828 [sine
1015 743 1227 826 solemnitate,

201 839 301 932 qualis
310 839 460 912 adhibitio
471 837 595 908 testium
607 892 615 923 ‚
629 839 827 934 patrinorum
841 854 871 909 et
882 839 1127 910 secttndautium.

230 1001 269 1071 (a)
281 1005 435 1064 Singulorum
447 998 531 1052 contri
541 1005 658 1064 singulos.
669 1006 781 1053 Biuunrt.
792 1005 873 1054 dotet.

230 1075 265 1138 (d)
276 1075 367 1124 Saltem
377 1075 486 1132 generati
496 1074 577 1120 modo.
588 1073 699 1126 Manuale
708 1088 839 1134 emesenae.
850 1074 931 1122 Gauri.
1199 1111 1203 1116 .

230 1141 262 1206 (c)
271 1145 323 1191 Non
333 1137 390 1200 ergd
400 1141 422 1188 si
433 1141 528 1188 baculis
539 1141 645 1190 lovinus.
656 1137 731 1192 Sectis
740 1137 905 1204 probandis,
915 1143 938 1192 si
948 1141 1129 1203 grandioribus,
1139 1155 1214 1203 quam
1316 1121 1318 1125 ,

199 1213 238 1262 vis
247 1209 331 1260 contra
341 1210 449 1259 sentiant
458 1208 568 1269 quidam.

385 1295 388 1302 ·
650 1287 760 1313 -v-···

241 1353 315 1428 354.
329 1345 481 1414 Duellum
493 1347 578 1414 omni
592 1347 659 1436 jure
671 1345 865 1442 prohibitum
884 1348 986 1444 poenis
1009 1346 1136 1444 insuper
1155 1373 1226 1444 gra-

201 1441 334 1511 vissimis
347 1441 474 1534 punitur
487 1441 583 1531 [759]
598 1441 661 1526 (o).
687 1490 692 1499 .
1170 1475 1174 1479 ’

241 1535 317 1605 Non
324 1537 446 1602 videtur
460 1549 563 1602 tamen
577 1533 733 1619 illicitum,
749 1533 778 1604 si
789 1533 971 1604 auctoritate
983 1533 1107 1630 publici
1120 1533 1173 1604 fiat
1185 1537 1226 1604 ad

200 1629 318 1697 beilum
331 1629 597 1722 compescendum.
615 1629 683 1698 imo
697 1645 770 1696 tunc
783 1648 840 1698 nec
857 1627 995 1698 duellum
1006 1643 1052 1698 est
1064 1627 1126 1714 (b).

239 1721 326 1792 Nota
342 1752 350 1789 ι
368 1723 402 1788 Ἀ
417 1721 604 1792 militaribus
624 1723 842 1832 inquirendum
856 1749 997 1818 semper,
1020 1723 1048 1792 si
1063 1749 1126 1790 non
1140 1747 1227 1792 aceu-

200 1834 269 1886 sent
277 1818 355 1911 ipsi,
371 1815 524 1884 anduello
546 1833 575 1883 et
592 1834 712 1909 quoties
727 1817 933 1886 conflixerint.
957 1818 1012 1884 An
1032 1817 1095 1912 ipsi
1108 1842 1227 1914 provo·
1325 1860 1329 1868 =

199 1909 454 1992 cantesfuerint‚
473 1925 580 1980 cinon
597 1911 686 2003 quasi
709 1913 876 2002 coegerint.
905 1913 960 1980 An
981 1913 1153 1981 occiderint
1174 1929 1227 1980 aut
1300 1949 1303 1952 ·

199 2008 336 2098 graviter
350 2005 590 2096 vulneraverint.
609 2006 664 2070 An
678 2006 786 2070 odium
811 2007 1071 2074 conservaverint.
1098 2005 1167 2074 imo
1187 2033 1244 2096 an,

200 2097 378 2180 obtulerint,
394 2095 669 2187 acceptaverintve‚
685 2097 797 2164 effectu
811 2123 872 2163 non
890 2113 1005 2164 secuto.
1021 2099 1076 2170 An
1090 2098 1167 2166 alios
1182 2102 1227 2167 in'-

200 2193 374 2263 eitaverint.
390 2192 445 2258 An
459 2215 597 2284 pugnare
613 2191 751 2260 nolentes
768 2190 934 2259 irriserint.
958 2192 1009 2257 An
1029 2217 1116 2258 arma
1152 2218 1227 2262 ara-

201 2289 311 2357 verint.
328 2289 382 2354 An
395 2282 500 2368 testes,
520 2287 721 2354 secundantes
735 2285 886 2380 patrinive
905 2285 1034 2354 fuerint.
1047 2287 1102 2352 Au
1117 2219 1151 2355 li

201 2384 254 2452 siae
268 2407 394 2476 peenas,
408 2379 773 2467 excommunicationem,
789 2409 821 2450 v.
834 2407 867 2474 g.
882 2435 891 2468 ,
916 2380 1038 2474 penitius
1058 2381 1227 2478 ignorave-

202 2478 274 2545 rint.
293 2475 389 2567 Quod
401 2478 483 2569 saepi
499 2474 555 2560 (ε’).

232 2628 267 2697 (a)
278 2633 392 2682 Pluribus
401 2633 485 2692 amen
494 2625 579 2682 coniri
589 2629 668 2692 alios,
679 2632 792 2682 duellum
805 2645 856 2682 non
870 2633 972 2684 videtur
987 2645 1041 2684 asse
1055 2626 1140 2682 aaut
1152 2631 1227 2692 iusti-

200 2703 275 2760 tiam,
286 2696 342 2752 crim
352 2701 423 2748 ambo
434 2696 504 2758 aequt
517 2695 595 2748 iibere
606 2701 633 2746 in
642 2711 742 2747 arenam
753 2700 920 2762 descendunt,
934 2701 993 2760 quia
1006 2701 1155 2752 rmuneiara
1165 2703 1227 2764 ’os-

201 2769 317 2827 santiani
327 2782 386 2826 suo;
397 2763 468 2815 scriis
478 2767 498 2813 si
510 2779 574 2814 unns
583 2767 680 2813 invitus
689 2767 854 2814 descenderit.
885 2815 890 2829 ,

1150 2287 1227 2358 ccle-
1321 2367 1326 2380 ι
1359 2361 1367 2377 .

232 2837 280 2884 Sed
289 2836 400 2882 duellum
411 2839 480 2880 estne
491 2829 574 2880 contri
583 2833 706 2891 iustitiam
716 2830 776 2914 erga
788 2847 830 2882 eos
840 2847 902 2895 quos
917 2837 1013 2885 occisus
1026 2835 1167 2887 seidonim
1184 2838 1228 2888 de-
1319 2881 1322 2888 .
1397 2893 1403 2904 ‚

201 2892 426 2953 scurronum
437 2902 514 2950 ncnc.

231 2971 261 3022 nt
271 2965 327 3030 ersi
337 2971 392 3028 eius
402 2969 536 3017 creditores
545 2967 555 3018 i
564 2969 650 3017 Plures
659 2970 811 3018 existimant.
827 2972 889 3020 Vide
899 2974 954 3034 558,
963 2973 1019 3022 559.

232 3039 261 3089 nt
271 3041 328 3087 suut
339 3039 381 3098 qui
393 3037 521 3085 autumant
535 3037 633 3086 licitum
643 3051 696 3086 osse
707 3039 819 3086 duellum
829 3043 971 3101 acceptare,
982 3037 1079 3102 quando
1089 3039 1150 3089 iicet
1159 3041 1233 3092 occi:

201 3111 260 3159 dere
270 3108 389 3166 iniustum
400 3109 458 3156 vitae
469 3107 621 3165 invasorem,
632 3104 702 3158 modi
719 3107 750 3158 ad
765 3109 832 3158 hunc
846 3109 921 3158 tinem
932 3110 1090 3170 aoeoptsturt
1106 3110 1151 3159 sed
1164 3113 1227 3160 oio-

199 3193 258 3228 rens
267 3190 317 3226 non
327 3176 426 3223 videtur
436 3176 539 3223 actualis
549 3177 656 3225 invasor.
667 3176 729 3223 Vide
739 3189 796 3223 mox
808 3177 920 3225 dicenda.

231 3248 335 3307 deam
346 3240 425 3294 adhirc
445 3245 588 3292 existimant
598 3257 683 3306 posse,
693 3257 725 3292 nc
736 3245 839 3304 ignaviae
857 3246 915 3294 nota
934 3244 1090 3303 incurratur,
1113 3243 1226 3294 oiieronti

201 3315 313 3364 duellum
324 3313 465 3372 responderi
478 3323 490 3358 e
497 3313 550 3360 Non
561 3315 829 3374 accommodantius
836 3325 888 3361 cum
897 3312 980 3362 contri
998 3313 1145 3372 nemmem,
1161 3316 1227 3373 qun-

203 3385 254 3443 quis
262 3385 301 3439 tit,
311 3395 348 3428 mc
355 3383 482 3440 defendere.
493 3379 544 3428 imo
555 3381 608 3429 hac
621 3395 628 3428 ε
641 3383 701 3429 Nolo
719 3383 970 3444 irremuneratum
980 3379 1058 3443 aliqud
1067 3384 1144 3432 iturae
1155 3395 1226 3439 mm,

203 3452 244 3512 qui
252 3463 289 3498 me
297 3451 322 3496 io
332 3451 412 3496 itincre
422 3451 518 3498 aderito
526 3451 606 3509 suerii,
616 3452 694 3500 virum
705 3452 811 3498 invenio.

234 3517 291 3564 iiaee
302 3516 388 3562 nitima
399 3527 475 3575 apage
487 3518 493 3563 i
506 3518 553 3566 Sed
569 3522 594 3566 et
608 3519 689 3579 priora
700 3519 775 3565 dubia
796 3513 868 3566 vaide
881 3531 929 3567 nec
944 3515 1109 3578 consulenda,
1128 3517 1225 3566 etiarnsi

202 3585 336 3634 adderetur
345 3595 353 3630 t
363 3587 419 3644 quio
428 3589 503 3633 Deam
514 3589 590 3634 tineo.
603 3589 665 3638 Vide
675 3599 734 3634 mox
745 3587 856 3636 dicanda.

234 3652 270 3717 (i)
282 3654 399 3708 illicitum
408 3654 470 3701 iilud
480 3654 573 3704 habent
582 3657 717 3708 Biiiuartei
726 3657 816 3706 itant.
827 3651 840 3703 ir
851 3655 954 3714 (lotitia,
965 3656 1015 3706 nist
1026 3657 1053 3704 in
1064 3656 1160 3704 casibus
1170 3657 1224 3704 inu·

202 3723 283 3771 iiiiier
292 3719 333 3770 hic
344 3721 509 3783 expensatum
521 3723 596 3786 quia,
607 3725 736 3785 inquiunt,
754 3725 852 3772 nonest
871 3725 981 3772 medium
998 3719 1109 3772 ducturi
1124 3725 1225 3775 institu-

203 3793 258 3840 tum
266 3791 298 3839 sd
307 3791 426 3841 finiendas
437 3793 612 3846 corrtrovcrsias
621 3794 688 3848 inter
697 3794 831 3856 principes.
842 3793 912 3855 Quod
920 3794 985 3844 essct
993 3793 1153 3856 probandum.

292 3870 314 3904 1.
1054 3870 1084 3905 21
