2984 4666
591 343 823 402 nrcrnoot.
1150 353 1221 429 ²09

200 421 300 514 lerre,
324 430 385 501 uisi
406 432 496 500 aliter
516 435 618 542 exigat
637 435 752 517 bonum
771 455 949 516 commune,
970 447 1019 514 ut,
1039 456 1099 521 pur
1117 455 1151 504 se
1172 435 1221 504 lo-

203 527 337 616 quendo,
357 527 547 595 conservatio
558 547 629 597 vrtae
644 554 784 623 pcrsonae
797 528 940 624 publicae.

241 622 409 714 Regula-3²
426 622 613 693 :Possumus
623 625 745 719 seuipcr
753 624 843 693 nobis
851 625 1027 718 proximum
1035 621 1222 718 praelerrein

200 718 289 787 bonis
300 719 508 814 corporalibus
522 745 584 788 uon
593 721 794 802 necessariis,
809 723 896 814 juxti
905 717 1046 813 exempla
1056 716 1175 786 Christi
1188 733 1222 790 ct

201 828 387 884 sanctorum.
1018 871 1021 878 .

241 907 365 1001 Regula
378 914 413 988 4·
434 939 441 974 :
462 908 496 974 iu
510 909 617 976 eodem
637 907 853 978 necessitatum
872 909 1075 977 etbonoruur
1088 933 1221 999 genere,

200 1002 254 1094 qui
265 1003 354 1070 uobis
364 1003 608 1095 suntsanguine‚
623 1004 777 1086 amicitia,
794 1004 914 1086 officio,
930 1003 1079 1095 religione
1090 1019 1142 1070 aut
1152 1029 1223 1071 con-

200 1096 283 1166 vicor
297 1098 538 1190 conjunctiores,
558 1099 724 1176 extraneis,
740 1099 858 1168 caeteris
877 1097 1021 1192 paribus,
1035 1097 1221 1193 praelcrcndi

199 1208 269 1260 suut
282 1193 315 1262 in
328 1193 510 1287 impotentid
523 1194 664 1263 omnibus
679 1194 889 1264 succurrendi.

239 1287 323 1356 Hinc
335 1288 558 1358 inueccssitate
572 1291 709 1357 extrema
719 1289 733 1374 (
744 1288 794 1357 vel
808 1287 907 1357 solium
917 1288 1024 1380 gravi,
1039 1289 1156 1358 addunt
1167 1289 1223 1356 ali·
1272 1279 1276 1296 ¹
1295 1308 1297 1311 ·

199 1383 255 1475 qui
273 1385 288 1469 )
303 1383 369 1452 sive
381 1371 554 1478 spirituali,
574 1384 639 1452 sire
653 1382 826 1476 corporali,
853 1383 954 1478 patria
967 1383 1221 1478 praeferenda‘lst

198 1477 380 1570 parentibus
405 1478 459 1571 qui
472 1503 544 1572 pars
558 1477 640 1546 illius
656 1495 740 1554 sunt,
764 1492 794 1547 et
807 1479 871 1546 vita
884 1503 941 1572 pro
954 1481 991 1547 ed
1006 1479 1196 1573 exponenda.

240 1567 391 1657 Parentes
414 1573 550 1668 carnales
565 1573 752 1668 praeferendi
769 1588 838 1642 sunt
852 1574 1079 1670 spiritualibus,
1101 1589 1133 1642 et
1149 1572 1219 1643 aliis

199 1666 241 1733 ob
254 1667 484 1738 instructionem
503 1681 555 1737 aut
568 1669 654 1737 aliud
667 1669 850 1738 beneficium
872 1668 1032 1762 spirituale
1049 1670 1220 1741 necessitu-

200 1761 272 1831 dine
285 1761 438 1856 spirituali
452 1763 502 1849 vel
515 1763 626 1834 morali
641 1764 810 1853 conjunctis
824 1765 881 1850 (c).

240 1857 286 1926 Hi
300 1858 407 1927 amicis
420 1875 452 1928 et
464 1859 558 1928 sociis
571 1860 806 1956 temporalibus.

238 1951 283 2022 Et
296 1953 376 2022 inter
390 1955 514 2024 omnino
525 1969 703 2036 extraneos,
718 1957 773 2048 qui
787 1951 967 2049 profitentur
978 1977 1083 2028 veram
1096 1953 1220 2048 religio-

197 2069 288 2125 nem,
304 2049 460 2128 sectariis;
476 2051 609 2142 justique
619 2047 846 2144 peccatoribus.
1036 2125 1040 2134 ,

217 2211 220 2214 ,
240 2141 354 2234 Quoad
366 2159 531 2239 parentes:
550 2145 663 2227 Pater,
688 2161 722 2212 ut
734 2137 867 2211 nobilius
881 2137 1086 2238 principium,
1102 2143 1216 2224 matth

198 2254 297 2308 mater
309 2239 431 2332 conjugi
445 2272 452 2319 ;
472 2240 583 2330 conjux
599 2239 691 2317 filiis;
710 2237 767 2304 lilii
780 2237 927 2306 fratribus
941 2285 949 2320 ‚

238 2333 282 2404 Et
295 2335 375 2403 inter
386 2335 463 2404 alios
476 2335 664 2430 propinquos
679 2333 836 2425 digniores
849 2333 952 2402 minus
965 2332 1078 2423 dignis.
1195 2359 1198 2365 ·

241 2429 305 2499 Sed
319 2434 405 2498 extra
418 2430 630 2498 necessitatem
648 2445 834 2510 extremam,
852 2427 981 2496 maritus
995 2429 1095 2522 patri;
1115 2444 1146 2498 ct
1158 2429 1218 2499 lilii

199 2525 274 2610 (non
284 2523 481 2619 emancipatss
500 2528 585 2616 juxti
594 2523 726 2610 multos)
738 2523 929 2614 genitoribus
939 2522 1124 2617 praelerendi
1135 2542 1215 2594 sunt.

240 2621 301 2688 Ast
322 2636 419 2688 nota:
444 2636 657 2690 extraneorum
670 2619 823 2714 spirituali
835 2618 922 2710 gravi
940 2617 1042 2712 potius
1056 2619 1219 2711 providen-

198 2717 274 2784 dum
293 2721 387 2810 quam
404 2716 493 2808 gravi
511 2717 661 2812 quidem,
683 2715 738 2784 sed
760 2713 913 2808 corporali
933 2728 1095 2808 parentum
1115 2739 1218 2784 neces·

199 2827 295 2878 srtatr.
588 2837 591 2841 ·
992 2831 997 2846 ¹

200 2913 202 2926 “
240 2903 321 3012 ltem
338 2904 427 2994 gravi
441 2904 593 2999 corporali
610 2904 745 2977 extranei
759 2904 861 3000 potius
876 2906 970 2998 quiam
982 2903 1133 2972 mediocri
1148 2929 1218 2974 con·

199 3024 252 3067 sun
296 3021 446 3069 ruoorum.
880 3065 882 3070 .
1043 3057 1051 3071 .

240 3024 385 3163 liudem
406 3092 574 3183 conjunctis
590 3093 681 3162 valde
698 3095 865 3164 secundum
882 3094 1025 3190 spiritum
1040 3120 1220 3166 succurren-

199 3191 285 3274 dum,
296 3189 398 3284 potiris
409 3215 501 3284 quam
514 3188 644 3258 multum
659 3193 775 3258 remoti
790 3189 959 3280 conjunctis
972 3190 1139 3260 secundum
1153 3216 1219 3259 car·

198 3313 284 3368 nem,
297 3302 328 3354 et
342 3312 379 3356 ex
392 3290 479 3382 aequb
494 3285 678 3377 conjunctis,
696 3286 888 3378 dignioribus
897 3285 1000 3379 potiris
1011 3289 1106 3378 quim
1114 3286 1218 3356 minus

199 3380 316 3468 dignis.
741 3389 746 3398 '
790 3389 792 3395 ’

239 3473 326 3556 lmb,
352 3499 408 3568 per
431 3477 589 3560 accidens,
617 3475 810 3567 dignioribus
835 3475 927 3568 quim
947 3473 1218 3584 propinquioribus

198 3569 365 3662 aliquandi)
374 3570 476 3664 potius
489 3572 688 3639 succurrendi
702 3577 768 3638 esse
779 3584 879 3664 potest
889 3569 1037 3659 obligatro
1048 3621 1057 3650 ,
1068 3585 1102 3636 ut
1112 3569 1218 3661 sidig-

198 3663 302 3732 niorcs
316 3661 416 3730 forent
429 3688 566 3755 personae
581 3665 722 3756 publicae.
1083 3665 1086 3672 '

240 3757 321 3848 Quae
338 3757 441 3825 omnia
456 3783 493 3828 ex
507 3758 741 3842 circumstantiis
757 3756 956 3849 dijudicanda
973 3770 1043 3824 sunt
1057 3755 1120 3842 (d).

241 3851 327 3923 Nota
336 3853 450 3921 iterirm
464 3882 472 3922 z
487 3852 627 3943 quamvis
639 3852 715 3920 ordo
729 3857 821 3946 suprir
834 3851 935 3922 dictus
945 3850 1061 3944 obliget
1071 3851 1128 4016 srpb
1138 3877 1216 3920 mor·

278 3963 287 3995 1
295 3981 299 3991 ·
1079 3963 1090 3996 1
