2932 4658
313 306 386 380 380
451 303 709 380 ns'snrrnno
731 325 783 376 ur
802 322 969 378 nnorno
989 322 1220 380 remunero

352 412 447 482 Und'e
470 418 516 495 1⁰,
542 410 612 502 qui,
642 411 678 478 ed
701 411 842 503 peracti,
872 409 1047 480 adverteret
1073 437 1141 480 rem
1160 437 1223 481 non
1245 411 1346 482 fiisse

311 533 418 591 suam,
438 521 539 601 posset
554 531 624 575 eam
638 507 772 574 retinere
792 531 911 574 necnon
931 506 1048 576 fructus
1065 511 1163 600 usque
1182 509 1223 576 ad
1235 533 1346 602 perac-

310 607 380 670 tam*
389 601 655 697 praescriptionem
667 616 849 696 perceptos,
866 601 899 668 in
914 599 1023 669 Gallia
1035 628 1115 671 nunc
1134 602 1244 672 saltem
1255 605 1319 689 (o).

352 697 447 764 Unde
473 703 522 780 2⁰,
548 695 603 790 qui
629 695 776 788 ignorm
802 696 851 786 jus
879 721 969 764 suum
995 722 1052 790 per
1075 699 1344 792 prescriptionem

299 791 511 884 acquisitum,
531 795 635 861 remis
653 817 687 860 se
707 791 846 882 legitime
859 791 1074 886 praescriptam
1095 793 1195 888 priori
1215 795 1344 864 domino

309 886 514 974 reddidisset,
532 903 636 984 posset
650 913 720 956 eam
732 887 782 956 vel
796 891 816 955 ai
829 912 1022 981 quocumque
1035 905 1178 982 repetere
1189 890 1247 976 (b).

341 1067 377 1131 (o)
390 1069 452 1129 Quis
472 1069 536 1116 boni
555 1069 603 1117 tide
613 1069 726 1130 percepti
741 1069 931 1117 enutrimini
947 1070 1152 1133 praescriptione,
1170 1071 1287 1132 inquiunt
1296 1068 1343 1120 alii

308 1133 392 1187 sonim
402 1139 476 1198 alios,
486 1139 543 1198 quia
551 1137 715 1185 accessorium
725 1138 836 1198 seqnitur
846 1139 1062 1199 principale.Vide
1070 1141 1153 1188 tamen
1162 1142 1192 1189 N.
1201 1141 1256 1200 561⁸,
1268 1157 1293 1190 o.

339 1205 432 1273 (1³)ch
448 1205 516 1252 enim
530 1218 580 1252 non
594 1205 694 1253 videtur
707 1205 862 1254 renunciatio
875 1208 950 1256 tedia
965 1209 1154 1269 praescriptioni.
1167 1211 1228 1258 Nam
1237 1227 1251 1253 α
1266 1212 1290 1258 ta
1300 1221 1344 1259 re·

307 1275 449 1323 nonciatiou
458 1275 534 1334 tacite
546 1272 637 1324 resulta
649 1275 707 1324 d²un
717 1276 763 1324 lait
772 1277 815 1337 qui
825 1289 930 1338 suppose
940 1277 1069 1326 l'abandon
1080 1277 1138 1327 d¹un
1149 1279 1214 1328 droit
1222 1281 1316 1341 aequis.
1328 1301 1343 1327 »

307 1339 354 1392 ffic
365 1345 449 1391 antem
466 1357 516 1391 nou
526 1345 564 1392 est
574 1341 702 1392 derelictio
712 1345 775 1403 juris
792 1346 922 1406 acquisiti,
931 1347 1019 1395 saltem
1033 1342 1115 1395 eosdm
1130 1349 1182 1396 Deo
1192 1349 1272 1397 valida
1280 1362 1287 1408 ;
1296 1351 1342 1402 sed

307 1409 387 1460 soldnr
404 1413 529 1461 restitutio
547 1414 650 1473 reiquae
667 1410 727 1462 falso
745 1415 848 1474 putatur
857 1415 952 1475 aliena,
963 1428 992 1464 uc
1009 1411 1112 1476 proinde
1122 1429 1180 1464 cum
1191 1429 1272 1464 errore
1282 1419 1342 1466 sun·

307 1483 414 1532 stantiali
425 1483 496 1530 iacta.
504 1478 573 1530 Unde
582 1483 603 1531 si
612 1483 638 1529 in
649 1483 701 1530 loro
710 1485 823 1543 externo,
832 1485 876 1532 nbi
885 1497 958 1533 nemo
968 1486 1082 1534 censetur
1089 1485 1200 1545 ignorare
1207 1485 1247 1544 ius
1255 1499 1341 1548 suum,

307 1553 364 1601 talis
375 1551 498 1600 restitutio
509 1551 643 1598 haberetur
653 1551 682 1598 ut
690 1552 783 1600 iactum
789 1552 854 1611 juris
864 1554 979 1614 acquisiti
990 1553 1179 1602 derelictionem
1189 1567 1340 1616 supponens,

307 1621 431 1670 sententia
447 1619 539 1678 judicis
555 1615 641 1680 utpote
660 1620 762 1670 tundata
772 1622 800 1670 in
812 1619 873 1670 falsi
882 1622 1074 1685 presumptione
1085 1621 1161 1684 tacti,
1179 1624 1340 1674 eidetnrnon

307 1690 416 1750 obligare
426 1688 452 1736 in
465 1687 627 1736 conscientia.

768 1782 885 1800 ..a—-

349 1841 422 1913 403.
440 1833 517 1903 Non
529 1849 631 1926 potest
640 1834 801 1927 praescribi
813 1835 984 1898 dominium
995 1858 1101 1900 rerum
1116 1860 1185 1924 quae
1196 1862 1259 1902 non
1269 1850 1341 1905 sunt

306 1929 341 1996 in
368 1928 573 2012 commercio,
591 1929 697 2020 quales
714 1947 782 2015 quae
794 1921 901 1990 usibus
925 1923 1060 2015 publicis
1079 1926 1234 2018 deputatae
1254 1947 1340 2014 sunt,

306 2039 341 2092 ut
354 2025 413 2090 viae
427 2021 579 2118 publicae,
594 2037 702 2115 pontes
716 2017 853 2102 (2226).

349 2119 467 2208 Quales
481 2118 574 2186 etiam
592 2117 673 2208 saepe
691 2137 741 2183 res
759 2111 882 2181 hircive
899 2127 952 2181 aut
964 2137 1033 2206 quae
1046 2112 1079 2181 ri
1089 2139 1237 2209 possessae
1251 2132 1338 2204 sumt,

273 2215 280 2224 ’
306 2216 438 2309 quiajos
452 2213 581 2296 resistit.

347 2307 546 2374 Notatamen
566 2302 650 2396 qudd
663 2303 787 2395 qnandd
802 2327 851 2372 res
872 2302 1017 2372 dicuntur
1036 2305 1263 2400 praescriptioni
1275 2332 1337 2378 non

304 2399 464 2484 obnoxiae,
481 2397 542 2467 hoc
567 2397 733 2492 aliquandi)
746 2397 936 2490 intelligatur
948 2398 988 2467 de
998 2399 1176 2485 ordinarii,
1190 2427 1253 2470 non
1262 2407 1339 2474 verd

305 2498 345 2566 de
360 2501 400 2564 30
412 2511 464 2563 aut
474 2495 608 2589 amplius
619 2520 770 2561 annorum
783 2493 1015 2588 praescriptione
1023 2495 1084 2580 (a).

347 2591 466 2660 Contrd
487 2589 719 2659 communitates
739 2603 770 2655 et
782 2589 885 2682 ipsum
905 2589 1092 2678 gubemium
1106 2589 1232 2678 (l'e'tat)
1250 2615 1336 2687 prae-

305 2687 402 2760 scribi
416 2703 533 2784 potest,
549 2687 628 2756 sicut
643 2701 673 2754 ct
685 2685 888 2782 praescribere
901 2700 1031 2780 possunt
1044 2687 1169 2780 (2227).

338 2857 373 2922 (a)
385 2859 425 2906 Sic
444 2871 484 2906 res
502 2857 614 2916 furtivae,
625 2856 653 2904 ut
663 2857 732 2914 aliae,
748 2855 955 2916 praescribuntur,
970 2854 1027 2904 crim
1039 2857 1146 2918 acceptas
1164 2853 1246 2909 eunti
1262 2857 1333 2918 iure,

305 2929 354 2976 olio
364 2923 438 2988 quim
448 2927 599 2975 haereditatis
609 2925 692 2973 titulo.
701 2921 777 2972 secis
787 2925 808 2972 si
820 2925 894 2972 titulo
903 2925 1052 2974 immediatae
1070 2926 1156 2974 saltem
1175 2927 1335 2976 haereditatis.

228 3052 238 3060 ,
304 2989 561 3052 emolumenturn
579 2993 685 3053 multos,
696 2993 727 3040 50
737 3005 857 3042 annorum
867 2994 945 3056 spatio
963 2993 1259 3056 praescriberentm.1tou
1274 2997 1334 3046 item

305 3075 346 3116 res
355 3063 442 3110 usibus
452 3062 559 3122 publicis
569 3061 702 3122 deputatae.

408 3203 453 3274 ΙΙ.
474 3201 835 3274 DISPOSlTlONES
858 3203 1234 3276 PARTICULARES.

347 3364 381 3428 ,ιο
395 3358 497 3428 Cures
510 3358 735 3453 possessionem
745 3360 786 3428 ad
796 3358 1058 3455 praescribendum
1068 3357 1260 3452 requisitam.

347 3459 420 3535 404.
443 3453 525 3522 «La
546 3454 721 3548 possession
743 3470 789 3522 est
813 3454 844 3520 la
868 3451 1026 3522 de'tention
1049 3479 1090 3522 ou
1110 3455 1142 3523 la
1161 3455 1333 3545 jouissance

307 3579 324 3610 υ
340 3551 432 3620 d’une
453 3549 546 3618 chose
565 3575 605 3617 ou
629 3549 703 3617 d’un
723 3546 806 3616 droit
827 3573 888 3642 que
907 3565 1105 3620 neustenons
1127 3577 1167 3620 ou
1185 3577 1332 3646 quenous

308 3672 324 3700 »
344 3670 490 3732 exercens
500 3669 558 3743 par
570 3646 777 3740 nous-meimes
792 3667 900 3739 oupar
917 3661 1058 3718 unautre
1076 3647 1131 3743 qui
1150 3647 1182 3717 la
1202 3647 1279 3717 tient
1292 3673 1332 3717 on

315 3768 324 3796 ·
340 3737 471 3811 l'enerce
485 3766 525 3812 en
539 3756 629 3810 notre
642 3767 716 3810 nom
726 3733 850 3830 (2228).
869 3771 885 3801 u

345 3833 400 3904 Ad
421 3835 685 3928 praescribendum
702 3852 805 3908 autem
825 3837 993 3936 requiritur
1006 3836 1327 3939 possessiceoncinua.
