2984 4666
580 321 815 406 nncnnoer.
1141 331 1209 408 265

209 435 472 526 ⁴Observant'mm
492 437 676 519 sanitatum,
703 443 774 506 ciun
797 437 915 514 silicet
934 437 1075 531 quaedam
1099 439 1209 521 verba,

193 535 333 626 quiedam
357 533 463 624 signa,
487 533 591 600 inanes
612 533 817 615 caeremoniae,
845 532 909 602 imo
931 558 981 602 res
1003 559 1099 602 sacrae
1117 535 1208 604 adhe*

163 630 168 644 ‘
192 629 303 696 bentur
316 629 358 696 ad
379 628 505 697 morbos
519 629 689 709 curandos,
715 629 756 696 ad
776 629 970 698 reddendum
994 655 1027 698 se
1044 629 1210 699 immunem

193 727 298 791 contra
308 739 403 806 1ctus
433 739 490 790 etc.
510 723 571 807 (α).
600 722 671 795 Nec
686 739 865 792 excusantur
877 749 931 817 qur
920 723 1050 794 dicunt
1060 727 1125 794 scd
1140 725 1210 832 Deo

194 833 224 886 et
233 844 270 886 re
285 821 372 887 sacri
386 821 529 887 effectum
542 833 724 911 expectare;

233 913 473 982 Observantrarn
482 928 661 993 eventuum
680 917 750 979 ciun
764 939 801 980 ex
811 939 847 982 eo
856 913 1076 1006 quodiorturto
1092 913 1210 997 evenit,

192 1007 261 1100 quis
273 1008 452 1100 quid'sausti
465 1007 516 1075 vel
530 1007 653 1074 infausti
662 1007 721 1075 sibi
735 995 859 1096 conjicit
869 1025 899 1076 et
911 1007 1045 1077 actiones
1055 1034 1125 1078 suas
1138 1009 1212 1078 ind'e
1259 1029 1265 1042 ·
1351 1087 1357 1100 ι

192 1103 319 1194 dirigit3
313 1104 380 1170 ad
393 1103 477 1195 quod
490 1117 651 1171 revocatur
663 1127 861 1172 numerorum
869 1104 1032 1189 ,dierum,
1059 1120 1140 1188 etc,
1158 1105 1212 1173 ob·

191 1198 353 1266 servantia.
532 1218 534 1222 ’

143 1302 152 1319 '
232 1291 342 1361 Nota:
359 1290 475 1360 Medus
487 1289 676 1358 naturalibus
688 1307 740 1358 aut
750 1291 1030 1386 supernaturalibus
1040 1317 1118 1363 vana
1129 1319 1210 1389 saepe
1287 1363 1299 1382 ,

191 1388 410 1456 admiscentur
433 1385 617 1480 Superstitio
632 1401 677 1454 est
689 1388 746 1472 (i).

233 1482 340 1550 Nota
331 1485 466 1549 iterum
459 1481 578 1549 ·Vena
591 1481 784 1550 observantur
796 1481 924 1552 venralrs
946 1483 999 1568 fit,
1026 1483 1105 1553 sicut
1124 1483 1210 1552 diri-

191 1575 339 1662 natio(c).

233 1671 318 1741 Nota
331 1671 475 1740 tandem:
468 1667 566 1741 Non
576 1687 753 1740 enumerent
763 1670 935 1742 catechism
944 1697 1037 1742 vanas
1046 1673 1211 1744 observari

192 1767 250 1837 tias
264 1767 399 1860 aliasque
411 1768 639 1862 superstitiones
652 1793 746 1862 quam
760 1793 828 1862 quae
840 1767 873 1836 in
886 1767 979 1853 locis,
1003 1769 1059 1842 ubi
1067 1769 1211 1842 catechi-

192 1880 276 1947 sant,
294 1879 374 1930 notae
387 1878 467 1932 sunt.
691 1871 696 1878 '

223 2034 259 2095 (ιι)
268 2036 341 2082 Vanae
351 2033 482 2082 sonitatum
491 2035 651 2082 observantie
661 2033 749 2083 vacant
769 2028 832 2091 saepd
843 2033 953 2091 pactores
966 2043 1082 2090 gregum,
1092 2034 1122 2080 ut
1141 2045 1183 2080 eos
1196 2029 1211 2080 i

191 2101 292 2160 bestiis,
301 2103 398 2159 scabie,
410 2103 469 2159 etc,
477 2104 636 2161 preeseruent.
655 2102 727 2148 Fabri
749 2100 861 2158 ierrarii,
873 2101 902 2146 ut
910 2111 985 2158 equos
998 2099 1093 2146 sanent.
1104 2099 1211 2158 vetuo,

192 2170 221 2218 ut
230 2171 318 2227 juvent
326 2170 464 2216 laborantes
472 2170 498 2216 in
506 2171 593 2230 partu,
604 2169 683 2215 tontes
696 2168 871 2226 baptismales,
882 2180 907 2216 n.
916 2180 955 2227 p,
964 2167 1105 2228 aperiendo.
1119 2169 1212 2216 liiiites

94 2287 97 2292 ,
192 2251 276 2287 secum
287 2237 425 2286 deferentes
434 2249 501 2284 sacra
512 2239 610 2284 nomina
623 2234 631 2298 (
643 2249 707 2283 nunc
716 2249 764 2284 non
776 2232 905 2284 commune
918 2235 937 2296 ).
1007 2253 1010 2256 ·

224 2307 430 2366 frequentissima
444 2306 481 2353 est
491 2307 583 2352 sanatio
593 2317 667 2365 quam
684 2305 772 2353 vocant
788 2307 815 2352 de
831 2304 950 2362 l’eutorsc,
968 2316 1014 2364 per
1030 2303 1098 2364 signa
1117 2305 1210 2366 crucis,

192 2375 267 2424 rerba
279 2375 394 2432 barbara,
405 2373 585 2420 invocationem
598 2372 702 2432 alicuius
713 2373 799 2420 sancti.
818 2374 880 2421 item
890 2373 982 2420 sanatio
997 2373 1136 2434 aliquorum
1145 2387 1211 2424 imr-

192 2444 289 2502 borum,
299 2406 405 2490 maxiuit
419 2442 559 2490 infantium.

222 2513 324 2560 Possunt
335 2514 417 2561 tumen
423 2509 566 2572 quandoque
574 2523 615 2558 res
625 2523 698 2559 sacra
709 2509 831 2568 adbiberi,
841 2509 1035 2570 uibvangeiium
1046 2511 1123 2559 suncti
1136 2511 1211 2560 ioan-
1288 2523 1291 2530 ’
1311 2555 1318 2562 .

192 2583 240 2642 nis,
251 2579 322 2630 modo
331 2593 379 2629 non
389 2583 535 2630 concurrant
541 2581 729 2629 circumstantie
738 2592 815 2640 vanae,
822 2592 854 2627 ex
862 2583 932 2640 parte
942 2582 1069 2642 temporis,
1079 2581 1155 2640 modi,
1161 2582 1210 2630 etc

191 2655 223 2704 D.
238 2653 346 2699 Thomas.

222 2719 344 2768 Atortiori
355 2719 451 2766 licitum
460 2719 579 2780 piumque
591 2719 616 2766 ct
625 2714 639 2766 i
649 2720 739 2767 sanctis
749 2719 918 2778 observatum,
929 2717 1039 2778 prolerre
1049 2718 1125 2766 rerba
1134 2719 1211 2777 scrip·

192 2787 269 2846 turae,
279 2787 397 2845 reliquias
406 2788 510 2846 gestare,
521 2800 607 2846 preces
616 2789 732 2846 quasdam
752 2789 856 2836 recitare
865 2802 919 2848 quae
929 2800 976 2834 nec
987 2787 1092 2844 laisum,
1102 2799 1149 2834 nec
1167 2797 1212 2834 va-

193 2867 253 2901 num
264 2855 418 2914 contineant,
434 2856 465 2901 ad
475 2856 634 2904 obtinendum
655 2852 769 2916 aliquidi
787 2859 852 2915 Deo,
870 2858 891 2903 si
907 2857 979 2904 saluti
993 2861 1081 2904 nostrae
1093 2857 1212 2915 expedire

193 2922 355 2981 indicaverit,
365 2919 436 2969 modi
444 2922 484 2969 bis
493 2933 541 2969 non
551 2924 721 2971 tribuatus-vis
731 2926 797 2971 certa
813 2925 838 2971 et
849 2925 1002 2984 infallibilis,
1012 2926 1040 2974 ut
1053 2923 1155 2985 quidam
1165 2927 1213 2976 tri·

195 2993 273 3040 linunt
283 2991 358 3038 certis
367 2991 518 3038 orationibus
525 2991 556 3038 ad
566 2991 722 3040 obtinendam
733 2994 837 3044 mortem
849 2994 967 3042 sanctam.

224 3057 269 3108 liic
285 3060 370 3108 neunt
384 3060 462 3120 aliqui
476 3072 525 3106 non
543 3057 626 3108 statim
636 3060 667 3108 de
681 3061 854 3120 superstitione
872 3059 1019 3110 accusandae
1033 3073 1088 3109 csse
1107 3060 1213 3112 familias

188 3128 322 3189 ‘quasdam
333 3141 388 3188 quae
399 3123 413 3174 i
423 3140 505 3175 morsu
516 3129 583 3176 canis
593 3129 672 3176 rabidi
687 3131 737 3176 solo
749 3130 817 3177 tactu
833 3133 932 3190 sanant,
942 3126 1090 3191 quamquam
1108 3129 1181 3179 baec
1173 3143 1214 3180 m·

193 3198 304 3245 consutio
314 3197 434 3257 Episcopo
442 3197 497 3244 iteri
508 3209 557 3244 non
567 3197 681 3244 debeant.
691 3199 771 3246 collo

224 3269 281 3314 lieec
295 3267 321 3315 et
334 3267 425 3314 similla
442 3266 545 3313 conatur
554 3265 675 3314 bonacina
692 3277 810 3313 excusare
821 3277 866 3325 per
876 3265 977 3314 ctiiuvia
987 3265 1094 3326 corporis
1105 3266 1214 3317 subtilis-

195 3335 256 3381 sima
262 3347 334 3394 ,quar
345 3336 406 3383 ratio
416 3347 465 3382 non
476 3331 547 3382 mibi
548 3346 623 3393 parva
633 3333 740 3392 videtur3
752 3336 794 3380 aut
802 3345 847 3392 per
857 3328 969 3380 donuma
980 3334 1030 3381 Deo
1041 3334 1115 3394 pratus
1121 3335 1214 3386 datum

195 3403 235 3450 Sic
249 3415 317 3461 reges
331 3405 415 3452 Gaiiiae
434 3406 502 3452 tactu
516 3416 601 3450 sanare
618 3403 776 3462 dicebantur,
799 3402 840 3450 die
859 3415 908 3450 suae
926 3403 1062 3460 unctionis,
1076 3403 1215 3452 laborantes

196 3471 279 3516 morbo
290 3471 333 3529 qui
342 3471 433 3518 dicitur
440 3473 471 3520 tea
479 3471 608 3529 c'erouclies,
620 3483 693 3532 quem
703 3470 803 3518 sanandi
814 3471 913 3518 modum
922 3483 1002 3530 nuper
1012 3471 1154 3518 adhibuisse
1167 3471 1216 3519 ier·

196 3539 338 3588 turcoroius
347 3541 379 3597 Χ,
390 3539 433 3586 sed
439 3540 548 3587 addendo
559 3534 574 3588 ia
584 3541 634 3587 solo
644 3541 696 3588 lieo
707 3538 883 3600 expectandam
893 3539 1054 3586 curationem.

226 3607 304 3654 Sedet
321 3602 334 3656 i
348 3619 446 3668 quoquo
458 3607 489 3654 dc
500 3607 593 3655 tamiiii
609 3609 713 3668 septimo
721 3609 764 3656 liat
780 3607 821 3654 bic
829 3608 910 3655 tactus
920 3618 1020 3665 sanans,
1032 3603 1215 3664 superstitiosus

196 3677 303 3724 videtur.

227 3748 274 3792 b'ec
287 3745 372 3793 itidem
383 3745 414 3792 de
422 3743 594 3803 superstitione
604 3744 678 3792 iidern
688 3743 796 3804 theologi
807 3743 929 3804 arguunt,
940 3753 996 3802 quae
1006 3744 1037 3789 ab
1048 3741 1156 3796 Ecclesii
1167 3755 1215 3793 non

199 3818 321 3872 introeunte
341 3811 414 3862 taciti
429 3813 605 3873 approbentur,
619 3814 647 3860 ut
667 3815 688 3860 si
700 3813 828 3872 cupientes
842 3808 856 3860 i
870 3813 940 3859 rabie
950 3812 1031 3858 sanari
1042 3812 1068 3859 in
1082 3813 1172 3862 itinere
1185 3815 1216 3861 ad

197 3886 221 3934 8.
234 3885 383 3944 liebertum,
394 3877 554 3932 abstincauii
567 3881 674 3940 speculo.
688 3881 821 3940 Speculum
832 3880 899 3931 euim
917 3879 1115 3942 imaginationem
1127 3881 1216 3928 ledere
