2990 4672
260 281 331 334 120
631 277 685 334 DE
705 274 908 336 sasinus.
984 277 986 284 ’

252 369 437 434 pausationem
447 362 625 430 impedimento
637 371 803 431 matrimonii,
813 381 892 419 nnnrn
902 365 1110 430 impedimentum
1129 359 1277 434 prd'alte'ro,

252 437 720 507 antgrodumconsangulnitatis,.oto.,
737 440 883 488 interiorem
895 451 940 502 pro
955 440 1092 501 superiori,
1113 442 1153 492 vel
1170 437 1279 503 inr‘pedi-

253 508 365 557 mentum
373 506 479 554 dubium
493 519 538 568 prs
548 506 625 564 certo.
1184 541 1189 555 ι

281 578 309 625 si
319 578 403 626 autom
413 575 442 623 nt
452 575 547 624 semum
557 576 700 636 exposuerit
709 576 775 637 qnod
784 576 889 626 dnbiarn
902 577 950 636 sit,
959 577 1001 630 nel
1011 577 1114 638 madum
1125 581 1278 640 superiorem

187 680 190 682 -
251 659 297 710 pro
306 645 433 704 inferiori,
443 645 511 694 valet
521 645 679 706 dispensatio,
688 646 749 706 quia
758 659 806 693 oon
816 647 881 695 debet
888 649 928 694 aar·
933 647 1045 708 plustisrt
1055 645 1132 698 miodo
1141 651 1220 698 lione

259 746 262 750 ·
281 717 381 777 excipe
390 711 470 764 aunis
481 715 576 776 Bailly,
590 715 844 778 sipostnlnnsnomen
853 727 927 765 sunm
944 717 999 776 ipso
1011 718 1147 768 mutaverit
1167 720 1200 767 ad
1208 719 1279 769 decl·

252 787 373 850 piendnm
383 786 545 846 superiorem.
894 813 897 822 ι

280 857 341 904 Nota
349 850 385 902 5?
395 853 549 913 Dispensatio
555 851 608 912 peti
615 850 696 912 potest
704 850 842 900 etobtlneri
849 863 894 912 pro
904 852 982 900 inscio
992 853 1035 902 aut
1042 853 1184 904 invitosed
1191 856 1279 918 obrep·

249 925 308 974 titia
317 923 395 983 osset,
405 918 482 970 ei'non
491 921 616 968 diceretur
627 915 848 980 prosperaris,
860 916 909 968 inno
920 916 985 980 qndd
995 933 1042 980 pro
1050 922 1144 982 inscio,
1154 923 1175 970 si
1185 923 1280 982 pravi-

251 993 339 1042 deatur
349 1003 404 1040 sam
413 1003 463 1038 non
472 989 603 1048 soliturus,
608 989 666 1048 quia
677 989 783 1049 supplex
793 989 894 1036 libellus
906 989 1056 1048 supponeret
1069 989 1176 1050 falsum,
1187 988 1279 1053 nempe

249 1060 404 1111 voluntatem
413 1059 501 1108 saltem
508 1057 682 1118 maesnmptam
692 1057 800 1106 lrabcndi
812 1057 1033 1120 dispensationem
1053 1060 1111 1122 quis
1121 1060 1189 1110 eninr
1202 1073 1278 1124 supe-

250 1128 426 1179 rioroensetur
435 1127 577 1187 dispensare
593 1139 651 1174 cnrn
666 1127 776 1174 nolente.

281 1198 317 1264 (c)
328 1199 436 1248 sisausa
453 1195 606 1256 instadosit,
625 1196 713 1255 pascat
726 1194 852 1256 postulans
867 1194 969 1256 pectam
987 1207 1078 1257 penore
1097 1209 1143 1245 sno
1160 1197 1276 1259 morali,

251 1269 350 1319 etiamsi
360 1266 472 1328 superior
485 1263 549 1312 boni
559 1263 607 1312 fide
625 1265 691 1323 agat.
955 1307 958 1314 ι
1041 1297 1044 1302 -

279 1337 393 1386 Attamen
402 1347 452 1383 non
461 1335 510 1383 nisi
521 1336 605 1383 contra
613 1334 695 1393 lesem
704 1333 843 1394 naturalem
852 1332 968 1394 peccaret
977 1333 1020 1392 qui
1030 1333 1075 1382 tali
1090 1333 1275 1393 dispensatione

248 1405 374 1464 uteretnr3
382 1415 432 1451 nec
442 1402 621 1463 consequenter
630 1413 715 1462 paenas
730 1403 884 1462 incurreret,
896 1401 917 1451 si
928 1415 984 1462 qnae
994 1401 1088 1463 iurent,
1099 1403 1159 1463 quia
1174 1404 1221 1451 lex*
1229 1415 1276 1452 ¹eus

252 1475 334 1523 terens
342 1485 386 1534 pro
397 1473 450 1534 ipso
468 1472 564 1519 melate
585 1470 630 1518 eet.

280 1541 379 1589 Addunt
396 1541 441 1588 alii
459 1535 543 1588 contra
558 1539 619 1587 alios
630 1538 719 1586 itidem
735 1551 840 1600 peccare
853 1538 1023 1599 acceptantern
1040 1537 1148 1587 oblatam
1164 1539 1212 1588 silsi
1222 1540 1278 1588 sine

249 1608 322 1658 must
336 1610 553 1671 dispensationem.
571 1609 618 1656 Pro
632 1605 778 1656 aiflrmativd
788 1607 817 1656 ut
826 1607 987 1670 probabiliori
996 1607 1087 1656 starem
1095 1621 1153 1656 cnm
1161 1609 1279 1669 unooloa.

251 1679 499 1805 Plelistliiiiiilitiiieqni
507 1743 615 1792 rationes
623 1749 678 1790 suas
688 1740 752 1790 hond
761 1741 809 1789 lide
819 1741 922 1789 credens
931 1739 1091 1800 sufficientes,
1102 1743 1142 1790 vel
1153 1742 1183 1790 de
1190 1747 1276 1791 eorum

250 1811 398 1863 sufficientia
409 1813 538 1870 dubitans,
550 1821 591 1858 eas
608 1809 715 1866 subiecit
730 1809 865 1870 superiori,
875 1808 971 1868 potest,
982 1808 1060 1856 donec
1071 1811 1224 1859 contrarium
1232 1823 1282 1871 ap-

250 1883 345 1948 pareat,
354 1880 409 1933 tuta
419 1875 570 1930 aon'soientid
579 1877 618 1928 nti
625 1878 819 1939 dispensatione.

708 1989 826 2005 Μ

294 2079 365 2157 sti.
381 2072 493 2168 Causae
509 2066 746 2164 dispensationis
762 2066 875 2135 debent
887 2066 1028 2136 ultimate
1038 2067 1149 2138 saltem
1171 2071 1206 2138 in
1220 2071 1281 2140 ho-

251 2199 328 2242 num
341 2194 503 2239 commune
513 2165 700 2236 redundare.

292 2266 411 2333 Valere
423 2265 496 2352 ergd
509 2275 612 2354 potest
621 2285 713 2327 causa
723 2283 792 2351 qnae
803 2257 1000 2326 commodum
1014 2259 1203 2368 particulare
1215 2261 1281 2330 dis*

250 2359 371 2460 pensati
384 2356 487 2452 primi)
500 2353 627 2445 'attingit
652 2354 807 2442 (maxime
822 2353 849 2421 si
864 2354 1052 2448 dispensatio
1072 2355 1112 2423 sit
1132 2383 1279 2444 remune-

250 2453 406 2538 salonia),
421 2450 545 2544 quando
552 2448 740 2544 dispensatio
751 2448 784 2517 in
798 2449 945 2518 damnum
958 2443 1090 2516 aliorum
1100 2476 1165 2517 non
1177 2452 1259 2518 cedit
1267 2484 1281 2528 ς,

249 2550 325 2646 quia
336 2550 454 2618 bonum
465 2571 628 2615 commune
636 2546 770 2642 postulat
784 2561 818 2613 ut
829 2544 969 2637 superior
980 2544 1173 2634 singulorum
1184 2545 1278 2614 ratio

179 2690 184 2698 ,
218 2731 222 2738 .
250 2648 354 2717 nabile
366 2647 484 2715 bonum
496 2659 656 2738 procuret,
673 2647 822 2737 quantiam
835 2641 903 2711 lieri
921 2651 1040 2736 potest,
1059 2633 1175 2735 absque
1198 2641 1279 2709 boni·

252 2741 567 2832 communisjacturd.
962 2736 965 2742 ¹
1090 2802 1093 2808 ,
1184 2775 1199 2790 ·-

292 2837 445 2908 Monendi
469 2839 543 2928 argis
566 2833 674 2904 fideles
693 2847 728 2900 ut
743 2857 806 2902 non
821 2845 927 2928 petant
953 2829 1199 2925 dispensationes
1212 2831 1284 2900 sine

253 2937 363 3018 cansd,
379 2930 588 3002 etincomnlto
602 2929 754 3021 parocho.

267 3105 270 3108 ,
292 3029 502 3122 Quanddnam
524 3039 627 3090 autem
642 3049 734 3091 causa
754 3047 813 3115 pro
839 3022 1068 3116 dispensatione
1095 3018 1188 3087 debet
1209 3045 1281 3088 esso

250 3133 351 3197 vcra?
376 3121 495 3192 Saltem
506 3129 647 3210 tempore
660 3124 721 3209 quo
743 3117 835 3184 datur
846 3113 1057 3209 dispensatio,
1072 3112 1125 3181 vel
1139 3138 1200 3206 quo
1216 3112 1276 3180 ful-

251 3221 386 3290 minatur·
398 3229 451 3282 aut
461 3211 624 3304 expeditur
640 3212 703 3296 (a).

259 3335 263 3343 ·
294 3305 685 3383 Sitamenceusafalsasit
698 3300 1277 3400 temporequosupplicamittitnr,non

251 3409 335 3477 valet
346 3400 551 3495 dispensatio,
562 3400 589 3469 si
602 3427 640 3470 cx
653 3398 725 3468 dolo
740 3401 792 3469 fiat
804 3415 919 3468 utvcra
932 3399 973 3468 sit
983 3413 1123 3499 tempore
1133 3398 1280 3497 impetra·

252 3503 344 3573 tionis
355 3516 408 3569 aut
417 3496 640 3567 fulminationis
652 3498 712 3584 (b).
1246 3571 1247 3580 ἵ

257 3619 262 3625 ’
294 3599 398 3668 Causd
419 3593 503 3672 finali
517 3609 654 3684 cessante
674 3596 743 3662 ante
758 3590 1005 3685 impetrationem
1019 3589 1274 3686 dispensationis,

253 3695 382 3764 velanti
398 3691 483 3762 illius
496 3691 536 3760 ab
555 3689 713 3758 ordinario
732 3685 979 3756 fulminationem
992 3702 1045 3756 aut
1055 3711 1110 3781 per·
1125 3681 1275 3753 confessa-

254 3791 336 3860 rium
350 3787 576 3873 executionem,
591 3784 676 3886 unlla
692 3784 725 3852 fit
739 3781 946 3884 dispensatio,
959 3783 1033 3876 quia
1053 3776 1202 3876 verilisari
1217 3802 1277 3865 nc7
