2932 4658
587 351 824 410 nncanoer.
1152 336 1226 434 375

195 442 321 506 est,quod
341 443 490 494 conformius
499 443 599 495 ridetur
616 445 755 508 principiis.
764 443 873 508 lmt,ait
887 443 999 510 beloto,
1014 441 1227 512 vulnerane,po‘st

195 516 283 564 vuinus
292 515 394 576 lethale,
402 516 459 563 ierae
471 515 605 565 dominium
616 515 730 576 acquirit.
873 530 875 538 ’

223 585 284 632 Nota
299 597 307 630 t
318 585 354 631 Ex
365 585 445 632 edicto
456 584 557 632 lieurici
567 585 615 644 1v,
626 585 706 645 quiin
718 583 792 632 fundo
801 583 828 632 in
839 581 937 646 quoius
946 572 1137 650 habetvenanii
1147 583 1240 642 ferm

193 651 327 713 excitavit,
336 653 417 713 potest
428 667 482 701 eam
491 654 517 700 iu
526 652 606 700 alieno
615 653 721 713 insequi.
733 653 839 701 sednon
855 653 890 701 sic
900 653 1000 702 videtur
1011 665 1093 716 nuno,
1102 653 1185 718 inqut
1192 653 1224 706 lt.
1235 707 1243 716 ,

193 719 316 782 Totrllier‚
327 718 385 770 eiam
393 721 540 783 simpliciter
548 723 710 783 prohibeatur
720 722 747 770 in
758 723 840 770 alieno
850 720 926 770 tundo
938 721 1048 772 venatio.

495 959 722 1072 Aernnnlx
743 1011 920 1082 ALTERA

427 1191 464 1224 nit
478 1190 663 1226 ΙιΙΰΜἹΊΟΙΕ
678 1191 715 1226 ΕΤ
730 1191 907 1227 ΡΑῦΩΰθΙῦΙ
922 1191 986 1228 liw-

234 1339 308 1424 399.
327 1329 440 1414 Nunc,
455 1329 566 1401 saltem
579 1333 662 1427 apud
674 1358 750 1418 nos,
768 1332 855 1402 nulla
867 1331 953 1428 ligna
963 1347 1016 1404 aut
1028 1350 1223 1431 pascuasubt

185 1430 294 1526 primis
309 1429 496 1524 occupantis.
1042 1475 1044 1482 s

232 1523 388 1592 Furantur
410 1527 483 1616 crgo
508 1524 563 1620 qui
584 1524 671 1618 ligna
694 1525 862 1594 caeduntin
885 1524 971 1616 sylvii
985 1523 1104 1608 alieni,
1128 1524 1222 1594 etiam

191 1619 417 1688 communitatis
428 1645 490 1688 suae
504 1635 557 1688 aut
565 1619 714 1716 principis
725 1623 793 1708 (a),
807 1621 868 1690 nisi
877 1620 1002 1690 aliunde
1012 1623 1060 1712 jus
1074 1619 1219 1690 habeant.

233 1714 419 1809 Excipicndi
439 1731 543 1784 tamen
554 1715 698 1784 videntur
720 1741 873 1812 pauperes
887 1716 942 1812 qui
957 1717 1077 1784 minuta
1089 1716 1222 1808 jatentia

191 1810 357 1902 colligtmt,
373 1827 425 1879 aut
438 1827 587 1904 quaesunt
601 1812 689 1906 quasi
703 1813 817 1882 nullius
827 1812 941 1883 valoris
956 1813 1077 1882 caedunt
1089 1813 1222 1880 inusum

184 1905 252 1972 ¹foci
265 1906 403 1999 proprii,
418 1907 573 2000 alioquin,
589 1909 655 1976 sine
666 1908 738 1999 igue
748 1908 909 1997 hyemem,
929 1924 1008 1992 etc.,
1022 1907 1218 1981 transacturi.

231 1999 276 2067 Et
291 2001 483 2092 excipiuntur
497 2001 522 2065 ii
536 2002 603 2091 qui,
618 2002 673 2066 ubi
684 2003 729 2068 sic
742 2003 790 2082 fit,
804 2003 890 2092 ligna
903 2003 937 2067 in
947 2027 1036 2068 usum
1049 2001 1222 2069 aratorium

190 2092 313 2160 caedunt
325 2092 359 2160 in
373 2092 467 2184 sylvis
482 2093 710 2162 communitatis
725 2119 806 2177 suae,
819 2096 916 2162 modo
929 2119 992 2162 non
1005 2094 1046 2161 ad
1059 2095 1221 2164 vendenda

189 2188 394 2255 instrumenta
406 2213 475 2281 quae
498 2214 537 2257 ex
557 2188 621 2256 illis
639 2187 815 2257 conficiunt.
844 2190 995 2257 Attamen
1006 2189 1034 2257 si
1051 2188 1146 2282 sylvae
1159 2191 1221 2259 sint

190 2282 336 2352 divisioni
349 2285 513 2374 subjectae,
532 2288 604 2353 cum
611 2311 692 2354 nunc
705 2310 856 2380 pauperes
867 2285 916 2374 jus
928 2283 1047 2379 aequale
1064 2311 1135 2355 eum
1148 2285 1219 2354 aliis

189 2379 231 2446 ad
244 2377 369 2446 illarum
388 2378 474 2470 ligna
497 2379 648 2461 habeant,
671 2382 713 2449 ad
729 2379 847 2473 aliquid
861 2379 1129 2475 perportionatum
1144 2385 1221 2476 ergit

188 2497 356 2568 pauperes,
368 2472 512 2550 ,maxime
530 2475 557 2544 si
572 2489 814 2569 conquerantur,
840 2475 1013 2567 obligarem
1024 2477 1084 2562 (b).

184 2621 186 2626 .
231 2567 367 2660 Quandb
377 2569 471 2659 sylvae
481 2569 562 2640 iuter
572 2569 676 2664 plures
684 2569 917 2640 communitates
928 2569 1070 2640 indivisae
1080 2584 1162 2650 sunt,
1174 2572 1221 2640 sa·

188 2690 260 2734 cere
269 2666 479 2758 unusquisque
488 2682 608 2760 potest,
623 2693 693 2732 cum
707 2667 802 2733 modi)
812 2666 896 2734 dieta
908 2664 1120 2748 restrictione,
1133 2665 1219 2758 quod

181 2761 410 2827 'consuetudine
424 2761 613 2826 sufficienter
623 2759 817 2838 introducti,
835 2758 896 2828 sibi
905 2761 1013 2828 mutui)
1027 2760 1217 2837 condonant,

188 2867 242 2922 aut
254 2851 345 2920 aliter
357 2855 475 2944 justum
489 2867 547 2922 est.
626 2905 627 2910 η
1249 2872 1251 2876 ’

230 2947 275 3016 Et
290 2945 357 3014 haec
371 2947 412 3015 de
427 2947 517 3016 bonis
533 2945 603 3014 aliis
623 2945 857 3030 commtmibus,
874 2949 1017 3044 pascuis,
1038 2946 1119 3028 etc}
1133 2949 1218 3020 dicta

188 3041 374 3136 generaliter
384 3057 490 3123 sunto,
508 3039 701 3110 observando
713 3042 813 3110 sellun
822 3043 907 3136 quod
923 3073 939 3103 (ε
951 3041 1000 3112 Le
1010 3043 1217 3140 proprietairc

190 3168 207 3197 υ
226 3138 280 3232 qui
290 3153 363 3206 veut
377 3163 410 3206 se
423 3138 505 3206 clere
521 3138 599 3232 perd
614 3163 671 3206 son
688 3137 771 3206 droit
791 3163 830 3208 au
842 3163 991 3232 parcours
1006 3156 1037 3208 et
1049 3139 1139 3207 vaine
1154 3142 1217 3233 pt-

189 3261 207 3292 »
221 3250 289 3303 turc
305 3260 343 3302 cn
352 3233 534 3330 proportiou
544 3233 588 3300 du
597 3231 717 3301 terrain
729 3232 805 3326 qu’il
819 3257 840 3324 y
855 3231 1001 3300 soustrait
1014 3233 1119 3318 (ott).
1134 3259 1152 3290 κ

220 3412 257 3477 (a)
269 3415 389 3464 Sirenum
400 3415 432 3464 sit
442 3413 547 3464 dubium
561 3425 594 3465 an
609 3411 678 3474 sylva
696 3411 730 3462 sit
739 3411 922 3462 communitatis
936 3411 979 3463 aut
988 3411 1112 3475 toparcha
1121 3413 1165 3476 qni
1176 3413 1217 3464 in-
1319 3478 1320 3482 ἵ

187 3483 263 3533 terim
272 3483 320 3530 sibi
331 3495 385 3530 eam
395 3484 518 3543 vindicat,
529 3483 555 3531 et
565 3482 595 3530 ad
604 3482 679 3530 tinem
687 3483 852 3532 controversia
870 3482 959 3540 deduci
974 3494 1024 3530 non
1034 3483 1124 3544 possit,
1134 3483 1216 3531 utrin-

187 3548 237 3614 que
248 3562 348 3600 manere
358 3550 473 3598 ridentur
483 3552 509 3600 iu
520 3551 564 3599 sua
578 3552 745 3612 possessione,
756 3552 918 3600 communitas
933 3550 1034 3612 quidem
1050 3549 1118 3614 syrvt
1128 3549 1216 3600 umndi

187 3616 342 3681 uttpubiict,
361 3620 387 3666 et
395 3619 510 3678 toparcha
520 3621 619 3668 mutetis
633 3619 768 3668 afficiendi.
779 3621 895 3679 sistam,
908 3623 982 3668 nera.
993 3619 1041 3666 Sed
1050 3619 1103 3668 beet
1113 3616 1215 3672 uincit

188 3688 352 3738 conciliantur
360 3699 416 3735 cum
426 3687 614 3748 principantis
624 3685 682 3748 erat
701 3687 856 3736 terminanda
866 3688 933 3736 omni
948 3689 1046 3736 conatu.

219 3755 255 3820 (b)
267 3757 292 3806 Si
303 3755 464 3804 communitas
474 3755 603 3816 probibeat
612 3757 772 3817 limationem
783 3756 808 3804 et
818 3766 922 3816 pascua,
933 3751 1005 3814 ionae
1014 3752 1165 3816 probabilius
1173 3757 1215 3808 ri·

188 3825 261 3875 tletm
271 3821 355 3875 contri
362 3825 479 3886 steyaert
487 3826 513 3874 et
523 3825 584 3874 aiios
590 3823 656 3886 quod
665 3825 803 3874 mortaliter
812 3825 917 3887 peccent
926 3824 969 3886 qui
979 3824 1114 3873 notabilem
1124 3825 1213 3890 borum

190 3897 353 3965 quantitatem
371 3895 496 3965 attentat,
511 3894 570 3956 qun
590 3895 658 3958 leges
671 3895 765 3957 politiae
775 3906 940 3946 usumrerum
957 3895 1122 3951 communium
1139 3907 1213 3956 reru·
