2932 4658
267 311 338 402 342
444 329 498 382 on
519 324 656 380 saxeo
677 323 730 383 aa
752 321 865 378 nono
887 318 1124 376 ermenero·

266 478 269 484 ,
308 416 373 487 Sed
384 414 411 484 si
425 415 462 482 eb
476 427 596 482 recuset
610 411 695 506 qubd
705 408 875 504 nonpossit
888 425 1096 488 stupratorem
1108 409 1220 478 ducere
1229 412 1297 482 sine

265 537 347 583 novo
357 512 406 579 sui
416 524 467 577 aut
478 507 605 576 familiae
621 506 804 602 opprobrio,
819 504 892 598 quia
904 504 1091 574 conditionis
1109 521 1154 573 est
1163 505 1296 574 multirm

265 603 453 715 superioris,
468 617 499 672 et
510 601 636 695 aequalis
645 618 749 669 tamen
759 627 792 670 se
805 600 892 668 finxit
902 616 1075 695 stuprator,
1088 599 1140 668 hic
1151 616 1223 670 tunc
1231 625 1297 670 non

265 701 409 774 sumitur
424 699 463 766 ab
479 697 665 790 obligatione
675 698 787 766 damna
801 697 891 766 aliter
906 697 1073 779 reparandi
1088 699 1147 783 (b).

306 795 380 864 Nisi
396 801 430 862 3⁰
441 794 582 863 seductor
603 794 762 862 seductam
782 795 896 862 ducem
916 789 1049 885 nequeat
1067 793 1134 862 sine
1147 789 1294 882 gravibus
1323 825 1325 830 ·

264 889 434 972 scandalis,
447 889 524 958 rixis
539 889 619 960 inter
642 889 795 968 familias,
818 889 983 958 discordiis
1004 889 1082 958 inter
1095 906 1229 982 nuptos,
1241 903 1296 957 aut

263 984 417 1054 similibus
430 1009 498 1078 quae
510 1012 546 1053 ex
558 983 756 1052 matrimonio
766 985 1031 1077 praevidentur(c).

305 1079 380 1167 Nisi
394 1087 428 1162 4⁰
443 1080 546 1175 puella
558 1079 712 1170 virginem
725 1104 777 1164 se,
795 1094 848 1147 aut
859 1078 1016 1163 nobilem,
1034 1077 1201 1170 divitemve
1210 1077 1293 1147 salso

263 1173 444 1261 dixerittd).

304 1267 379 1338 Nisi
393 1277 428 1338 5⁰
440 1285 548 1365 peccet
558 1269 631 1338 dein
644 1295 714 1337 cum
727 1267 850 1356 ιι]ἰο(ο)θ

304 1365 378 1434 Nisi
406 1370 440 1443 6⁰
461 1366 585 1434 tandem
609 1364 823 1460 promissionis
847 1365 1002 1434 fictionem
1032 1363 1115 1432 clare
1149 1362 1292 1432 debuerit

262 1484 442 1552 agnoscere,
456 1461 496 1528 ob
507 1461 672 1530 verborum
683 1459 743 1528 viri
751 1459 997 1553 ambiguitatem,
1009 1459 1289 1552 exaggerationem,

261 1555 313 1624 vel
327 1557 368 1623 ob
386 1581 543 1624 enormem
562 1555 745 1624 conditionis
769 1551 1000 1649 disparitatem,
1021 1571 1056 1624 ut
1069 1556 1097 1624 si
1117 1555 1167 1623 vir
1189 1554 1296 1624 officio·

262 1666 315 1719 aut
330 1651 479 1742 dignitate
493 1650 690 1746 conspicuus,
704 1651 808 1748 puella
820 1656 894 1746 verb
908 1651 1024 1720 famula
1035 1651 1075 1720 sit
1085 1705 1094 1736 ,
1106 1668 1159 1720 aut
1168 1650 1288 1732 rustici,

262 1745 420 1839 opificisve
434 1745 499 1813 filia
510 1743 548 1840 (l
553 1749 581 1831 ).

292 1887 330 1953 (a)
341 1892 416 1951 Nam,
426 1891 448 1938 si
457 1891 605 1950 ignoraverit
612 1923 623 1951 ‚,
630 1889 730 1940 tenetur
737 1889 859 1953 stuprator
869 1903 922 1940 eam
931 1889 1030 1948 ducere,
1038 1887 1096 1950 quia
1106 1887 1286 1949 priorpromis·

261 1957 298 2006 sio
312 1962 355 2008 aut
365 1962 449 2008 votum
459 1971 508 2008 non
516 1961 607 2020 obligat
615 1956 671 2008 crim
679 1961 778 2022 impleri
789 1961 875 2020 nequit
885 1960 1012 2020 sinceravi
1021 1958 1283 2014 atteriusdetrinrento.

260 2024 298 2077 nt
316 2029 389 2078 multi
399 2029 442 2090 qui
453 2030 594 2090 opinionem
611 2041 687 2078 suam,
696 2032 890 2078 communiorem
904 2029 998 2076 dieunt.
1016 2028 1063 2074 aiii
1074 2023 1132 2076 verb
1142 2027 1287 2076 existiment

260 2096 374 2148 tutiiceie
387 2098 416 2146 ut
432 2099 554 2158 stuprator
565 2097 652 2146 damna
668 2099 823 2159 compenset,
837 2099 895 2158 quia
903 2097 1030 2158 promissio
1046 2097 1083 2144 est
1096 2096 1219 2155 invalida,
1229 2108 1286 2156 quae

260 2168 344 2236 opinio
353 2168 502 2229 probabilior
512 2167 620 2216 videtur.
631 2168 678 2216 Sed
688 2161 778 2216 melida
795 2167 902 2226 petenda
916 2165 1083 2228 promissionis
1091 2164 1181 2224 prioris
1189 2165 1286 2212 retaxa-

259 2229 309 2294 tio,
320 2235 361 2284 vei
372 2236 422 2284 veti
437 2233 595 2295 dispensatio.

291 2302 343 2351 lmb
354 2304 468 2350 seductor
478 2303 553 2350 debet
563 2305 614 2353 suis
624 2305 743 2366 impensis
752 2305 838 2364 petere
848 2303 1057 2366 dispensationem
1067 2301 1098 2351 ab
1108 2300 1285 2362 impedimento

260 2371 496 2431 consanguinitatis,
507 2372 528 2419 si
538 2373 604 2433 quod
614 2374 690 2422 tuerit
703 2375 750 2422 sibi
761 2375 807 2422 soli
822 2377 922 2433 notum;
933 2369 1004 2422 secde
1014 2375 1034 2420 si
1043 2372 1127 2433 puelia
1137 2371 1200 2420 iilud
1210 2383 1287 2420 nove-

259 2440 374 2488 riarum
385 2436 454 2500 sque
465 2441 585 2501 petenda,
595 2443 615 2489 si
627 2442 749 2502 stuprator
758 2454 812 2489 eam
821 2439 893 2490 faciit
903 2443 1062 2491 obtinendam
1072 2442 1119 2501 ipsi
1128 2442 1285 2500 persuaserit.

290 2507 361 2566 Quod
377 2509 398 2556 si
409 2511 480 2558 ambo
501 2510 705 2570 impedimentum
723 2511 904 2568 ignoraverint,
921 2511 1054 2558 obtinenda
1073 2510 1111 2558 est
1122 2510 1285 2571 dispensatio,

259 2574 341 2636 inquit
351 2578 444 2638 bailiy,
455 2578 484 2626 ut
494 2577 529 2626 sic
539 2577 655 2623 damnum
665 2577 822 2624 resarciatur.
834 2576 882 2623 Sed
892 2577 952 2624 tunc
962 2578 1103 2636 sumptibus
1114 2579 1286 2626 communibus

259 2646 308 2694 nisi
318 2648 357 2694 vir
367 2650 437 2697 metu
445 2647 550 2696 antdoio
560 2657 705 2695 consensum
713 2645 803 2706 puellae
813 2644 964 2703 obtinuerit,
974 2657 1020 2692 nec
1031 2646 1109 2706 possit
1118 2647 1193 2696 aliter
1198 2648 1285 2698 mnne

258 2727 385 2777 reparare.

289 2786 338 2834 Sed
347 2786 426 2846 qrrid,
440 2786 461 2833 si
471 2785 630 2846 superveniat
646 2781 866 2845 impedimentum?
874 2783 982 2832 Petenda
993 2777 1073 2831 adbirc
1087 2774 1252 2845 dispensatio,
1262 2785 1286 2832 si

258 2854 465 2913 impedimentum
484 2855 517 2902 sit
534 2853 693 2914 dispensabitc,
711 2865 758 2900 nee
774 2849 835 2900 adeb
849 2852 964 2899 notabilis
975 2851 1017 2899 bat
1030 2853 1136 2901 mutatio
1147 2865 1246 2912 rerum,
1256 2853 1287 2902 ut

259 2923 339 2968 cesset
349 2923 487 2980 promissio.
497 2922 523 2968 st
534 2921 618 2968 autem
628 2934 676 2968 non
687 2922 719 2968 sit
734 2921 894 2981 diepcnsebttc,
904 2922 1004 2970 terretur
1017 2922 1057 2970 vir
1067 2922 1151 2970 doure
1161 2923 1286 2982 puellam,

258 2988 288 3034 ut
298 2988 416 3045 aequatem
427 2989 516 3047 ducat,
526 2989 548 3036 si
558 2987 601 3036 sut
610 2988 683 3050 cupa
692 2989 899 3050 impedimentum
908 3002 959 3038 non
968 2990 1002 3040 sit
1009 2991 1169 3056 dtspensotr'tc,
1180 2991 1239 3038 utsi
1250 2991 1287 3038 ai·

257 3055 307 3104 teri
317 3055 440 3113 nupserit.

289 3125 374 3172 i'beoi.
386 3125 468 3172 tamen
485 3123 645 3172 Pictaviensis
659 3121 806 3184 simpliciter
816 3119 831 3172 t
841 3125 998 3177 matrimonio
1015 3127 1123 3176 ineundo
1133 3124 1247 3182 exemi,
1259 3125 1281 3172 si

257 3190 315 3242 ante
326 3195 420 3242 crimen
431 3195 536 3252 existat,
546 3194 586 3241 vei
595 3195 753 3254 superveniat
764 3195 986 3258 impedimentum,
1002 3195 1073 3246 modb
1086 3197 1173 3244 damin
1182 3196 1282 3254 reparet

257 3263 381 3322 stuprator
390 3263 416 3309 in
427 3264 523 3310 casibus
532 3264 558 3310 in
572 3264 663 3324 quibus
673 3263 704 3310 ad
715 3276 744 3312 ea
755 3265 889 3324 reparanda
899 3268 1006 3314 tenetur.
1282 3266 1286 3272 '

289 3328 325 3393 (b)
337 3331 362 3377 st
373 3332 455 3399 autem
467 3333 633 3381 conditionum
644 3333 839 3393 inequalitatem
855 3333 994 3393 cognoverit
1012 3329 1109 3390 puella,
1122 3328 1187 3376 nihii
1198 3327 1283 3378 damni

256 3399 306 3448 tutt
316 3399 364 3460 ipsi
382 3395 473 3457 iniuste
494 3402 591 3448 illatum
603 3414 612 3448 t
622 3404 722 3450 terretur
732 3405 816 3450 umen
837 3403 959 3462 stuprator
972 3411 1026 3447 cem
1037 3399 1136 3460 dotem,
1147 3399 1230 3459 inquit
1238 3401 1283 3448 Pa·

257 3470 422 3527 normitanus,
434 3468 500 3528 quod
516 3482 602 3517 verum
614 3472 740 3519 existimat
757 3473 786 3518 P.
796 3471 856 3517 Gab.
867 3471 933 3528 Ant,
945 3462 1001 3515 cbm
1013 3468 1131 3518 damnum
1141 3468 1167 3518 et
1176 3468 1282 3518 dedecus

257 3537 359 3588 familiae
373 3535 430 3586 inde
441 3542 595 3596 sequeretur.
605 3539 709 3587 Videtur
718 3541 783 3588 idem
795 3552 864 3588 casus
874 3550 902 3585 ac
912 3537 939 3584 n⁰
950 3538 1005 3598 575,
1017 3552 1043 3587 a·

289 3605 322 3668 (c)
332 3607 379 3656 sed
389 3610 464 3667 tune,
473 3603 544 3664 luxti
553 3608 659 3668 multos,
670 3609 757 3656 damna
767 3620 881 3668 reparare
891 3607 975 3656 debet.

290 3673 396 3736 (dtimb,
405 3672 476 3734 tuxti
487 3678 589 3737 multos,
600 3679 622 3726 si
635 3679 674 3726 vir
688 3675 747 3726 ialsb
758 3678 893 3726 crediderit
903 3689 958 3728 cam
970 3677 1046 3728 tuisse
1056 3677 1188 3739 virginem.
1206 3677 1281 3736 Sper·

258 3742 319 3789 satia
330 3745 396 3790 enim
407 3747 466 3794 tunc
484 3749 583 3806 possent
593 3747 702 3796 dissoivi.
720 3745 829 3805 Sufficit,
846 3741 919 3804 iuxta
929 3747 1008 3808 aiios,
1026 3749 1056 3798 ut
1070 3747 1184 3808 corrupta
1196 3745 1281 3793 barbita

257 3812 334 3861 tuerit
343 3814 371 3860 ut
385 3814 462 3874 virgo.
1242 3812 1249 3826 '

290 3881 317 3927 tn
327 3881 398 3940 praxi
410 3894 417 3928 =
428 3879 554 3942 nunqutm
563 3883 684 3944 virginem
695 3880 762 3936 eertb
772 3881 872 3936 eredere
882 3882 964 3948 potest
974 3877 1076 3938 vir'cari
1087 3895 1159 3947 quam
1165 3881 1216 3933 sub
1224 3893 1283 3946 pro-

257 3948 374 3998 missione
384 3951 532 3998 matrimonii
548 3951 657 4000 deberat.
