2990 4672
354 431 355 434 p
578 331 880 416 un'raocarrsl
1164 335 1243 422 ,185

253 440 594 522 ·Nota':1n'ir'ulla''alia
614 446 745 516 materia
757 444 880 514 facilids
895 436 1085 509 contrahitur
1094 435 1241 524 habitus,
1347 513 1369 546 e

219 542 437 638 difficiliusque
465 569 507 612 sae
529 545 545 610 ὲ
560 541 741 611 destruitur.
768 539 824 608 Ad
847 535 928 606 nihil
941 538 1016 626 ergd
1029 533 1130 624 magis
1146 550 1244 602 atten-

218 637 296 708 dere
310 639 423 707 debent
440 568 621 704 emissarii
635 639 728 727 qu'am
737 650 773 702 ut
788 631 939 722 sagaciter
958 630 1093 699 simulet
1110 629 1240 722 pruden-

217 747 266 801 ter
278 749 452 801 nascentem
468 755 612 800 venerem
625 731 659 799 in
672 730 917 799 adolescentibus
934 728 1094 817 detegant,
1110 725 1243 818 compri-

217 844 364 920 mantque
376 825 459 894 omni
484 842 594 894 conatu
607 840 639 894 et
652 828 766 895 ardore
776 823 845 893 aeli.
863 823 965 913 Quot,
977 820 1056 902 eheu
1069 827 1076 888 !
1090 845 1127 888 ex
1144 819 1243 886 nimio

218 920 475 990 confessariorum
488 920 618 1004 timore,
633 921 757 1003 veneri,
772 933 877 988 mente
893 934 924 986 et
935 941 1065 1012 corpore
1077 967 1087 993 ,
1098 913 1239 986 solitari'e
1273 979 1274 986 ,

216 1039 251 1084 se
261 1016 378 1083 dedunt
388 1042 426 1084 ex
438 1015 614 1107 ignorantia
627 1016 742 1097 crassd,
758 1029 811 1082 aut
821 1013 932 1084 saltem
943 1010 1105 1082 vincibilit

258 1109 344 1182 Vide
354 1126 476 1183 sextum
488 1110 640 1203 Decalogi
653 1125 860 1205 praeceptum.
978 1109 1043 1120 ””””

595 1291 802 1341 anrtcunus
815 1291 862 1338 tv.

650 1445 688 1494 De
698 1439 803 1494 Invidia.

259 1623 333 1666 au.
344 1595 470 1666 lamma
484 1609 531 1666 est
545 1595 650 1665 odium
660 1577 822 1664 'felicitatis
838 1576 950 1664 alienae
952 1576 1128 1690 ,quatenus
1145 1592 1241 1666 habe-

216 1707 268 1762 tur
281 1708 316 1762 ut
329 1693 406 1786 quid
418 1693 508 1760 nobis
520 1691 653 1772 malum;

157 1873 159 1880 Ι
229 1875 237 1880 η
257 1788 321 1857 Vel
347 1787 495 1880 gaudium
511 1787 551 1858 de
570 1787 654 1857 malo
673 1787 774 1879 alieno
789 1787 939 1881 quatenus
962 1785 1092 1858 habetur
1106 1801 1140 1858 ut
1159 1785 1237 1882 quid

213 1883 303 1952 nobis
316 1881 443 1953 bonum.

256 1978 377 2047 lnvidia
399 1978 497 2046 oritur
517 1977 673 2047 ordinarie
689 2003 727 2048 ex
740 1977 905 2070 superbia,
934 1979 1007 2068 quia
1019 1977 1168 2046 hahemus
1183 1981 1237 2046 ho·
1261 2015 1263 2020 v

213 2097 289 2141 uum
301 2071 435 2168 proximi
445 2076 593 2166 tanquam
606 2072 834 2160 imminutivum
847 2069 1033 2138 excellentia
1043 2086 1172 2157 nostrae,
1183 2088 1237 2141 aut

214 2165 304 2236 illam
316 2168 495 2260 adaequans.

253 2263 319 2333 Per
342 2262 495 2332 invidiam
510 2263 585 2353 ergit
605 2261 745 2342 dolemus
771 2259 815 2328 ita
829 2259 869 2328 de
893 2258 975 2327 bono
996 2261 1148 2354 proximi,
1169 2263 1235 2334 sive

211 2356 299 2449 digni
315 2409 324 2440 ‚
352 2363 419 2432 sive
449 2355 569 2448 indigni
579 2409 588 2440 ,
599 2372 634 2424 ut
646 2355 822 2424 illumbono
834 2353 889 2422 illo
904 2353 1031 2448 spoliari
1042 2409 1050 2442 ,
1060 2355 1235 2453 illudquein

211 2475 269 2520 nos
280 2449 444 2520 transferri
458 2450 668 2520 desideremus
683 2451 791 2519 saltem
801 2447 971 2544 implicite3

253 2544 317 2614 Vel
331 2547 370 2615 de
381 2545 465 2615 malo
478 2545 562 2614 illius
584 2547 752 2638 gaudemus
766 2559 799 2612 ut
810 2544 926 2611 bonum
949 2559 1088 2613 nostrum
1102 2547 1233 2642 amplius

211 2663 274 2708 non
286 2640 481 2724 obscuretur,
494 2657 551 2710 aut
561 2641 678 2709 malum
687 2639 853 2748 proprium
869 2639 972 2708 mimis
986 2657 1144 2735 appareat.

252 2735 290 2804 si
303 2733 476 2804 invideatur
486 2735 628 2828 proximo
643 2759 716 2826 quaa
731 2729 894 2816 inimicus,
910 2734 1015 2800 odium
1025 2751 1095 2816 est,-

253 2827 291 2896 si
301 2827 374 2919 quia
389 2843 441 2895 aut
451 2828 599 2922 prodigus
615 2844 667 2894 aut
677 2845 803 2909 avarus,
815 2824 1001 2918 indignatio;
1112 2869 1116 2876 ·

253 2921 290 2991 Si
300 2921 375 3014 quia
390 2937 532 3016 peccator
549 2939 600 2990 aut
610 2921 773 3012 indignus,
788 2921 870 2990 zelus
882 2923 1072 2993 inordinatus
1089 2926 1157 3015 (a);

252 3016 289 3086 si
303 3016 376 3111 quia
388 3032 498 3112 potens
510 3016 627 3084 malum
637 3017 756 3100 facere,
767 3016 878 3097 timor,
892 3019 946 3112 qui
959 3035 1060 3114 potest
1069 3022 1151 3090 male
1163 3021 1233 3094 frm-

209 3113 279 3183 dari
292 3128 323 3182 et
344 3138 410 3184 esse
423 3128 602 3208 peccatum,
617 3117 688 3180 edm
709 3115 820 3207 nempe}
835 3130 952 3182 certum
968 3131 1013 3183 est
1035 3117 1152 3186 malum
1163 3139 1232 3189 'non

210 3235 276 3278 esse
286 3207 497 3292 inferendum,
512 3208 562 3278 vel
576 3235 638 3277 non
654 3209 781 3301 injuste;
797 3214 911 3278 etcum
928 3237 990 3278 non
1004 3211 1110 3281 liceret
1123 3215 1232 3308 proxi-

209 3329 295 3372 mum
310 3306 392 3372 hono
401 3305 525 3398 privare
542 3304 582 3372 ob
592 3306 676 3398 quod
692 3305 781 3373 nobis
793 3329 904 3375 nocere
916 3321 1034 3401 potest,
1050 3307 1170 3379 etiamsi
1188 3309 1233 3380 le·

209 3397 319 3492 gitima
330 3397 493 3466 haberetur
509 3401 549 3467 ad
564 3400 622 3467 hoc
635 3405 780 3493 potestas.
1238 3432 1241 3438 ·

252 3491 289 3561 Si
302 3492 376 3584 quia
399 3491 513 3560 bonum
532 3494 667 3588 proximi
687 3495 777 3562 nobis
792 3496 893 3578 deest,
907 3497 1060 3563 aemulatio
1083 3512 1138 3564 est.
1155 3497 1230 3566 Non

210 3601 256 3658 est
269 3600 429 3680 peceatum
442 3587 469 3654 si
482 3587 596 3655 bonum
609 3615 671 3657 non
685 3589 725 3656 sit
735 3590 824 3658 nobis
841 3590 1148 3684 improportionatum
1157 3617 1229 3673 ,nee

208 3681 419 3751 desideremus
432 3680 607 3776 proximum
618 3681 673 3751 illo
693 3685 820 3778 spoliari
831 3701 883 3752 aut
902 3695 1026 3769 carere,
1043 3685 1097 3754 sed
1110 3699 1228 3757 tautum

208 3777 308 3847 simile
323 3801 379 3846 nos
390 3775 507 3845 habere
521 3778 636 3872 absque
649 3779 734 3848 illius
747 3781 947 3867 detrimento,
967 3808 1024 3850 uec
1046 3805 1084 3851 ex
1101 3783 1228 3854 tristitia

210 3871 381 3964 excitemur¹
386 3873 429 3961 ad
442 3871 607 3951 imitandas
629 3875 791 3973 injustitias
803 3902 859 3976 por
874 3903 949 3982 quas
963 3877 1016 3979 alii
1030 3895 1223 3978 prosperam.
