2948 4676
595 337 648 392 DE
667 339 953 396 SACRAMENTO

642 605 806 670 CAPUT
823 608 898 670 111.
991 625 996 642 ⁸

598 789 634 824 οι
646 789 791 826 euuancro
804 789 954 826 urrisun
984 769 990 775 ’

302 912 521 983 Banrnanus
533 927 579 984 est
591 912 641 983 vel
654 912 820 1010 parvulus,
834 913 885 984 vel
898 912 1035 985 adultus

664 1075 833 1148 SE'CTIO
854 1084 880 1146 1.

606 1251 644 1300 tto
654 1251 765 1312 parurn
774 1250 936 1313 baptizandis.

301 1429 353 1494 ²7·
369 1400 543 1486 Tsnnnron
558 1411 700 1492 parentes
714 1395 772 1465 sub
785 1397 1009 1492 poendpeccati
1028 1424 1066 1470 ex
1092 1424 1205 1494 genere
1227 1422 1282 1472 suo

258 1494 398 1569 mortalis
409 1497 457 1582 (u)
474 1493 611 1587 paruulis
625 1492 856 1586 quamprimum
870 1494 910 1563 de
927 1495 1080 1589 baptismo
1095 1498 1280 1592 providere,

259 1607 325 1660 tum
344 1593 384 1660 ob
403 1589 512 1659 mortis
538 1587 728 1684 periculum,
744 1603 812 1657 turn
826 1614 863 1658 ex
887 1585 1105 1662 consuetudine
1118 1593 1183 1663 vim
1203 1593 1281 1688 legis

259 1687 405 1756 babentc.
561 1763 566 1768 ,
671 1759 673 1770 ,
1066 1735 1069 1740 -
1257 1759 1259 1764 ,

299 1779 436 1850 Infantes
455 1777 547 1852 etiam
564 1777 700 1874 plurium
714 1781 896 1859 annorum'd
909 1782 995 1874 vagis
1015 1778 1169 1866 derelicti,
1184 1799 1213 1852 et
1226 1783 1281 1852 in·

257 1875 356 1948 fantes
379 1875 526 1971 expositi,
550 1873 691 1967 quamvis
714 1874 893 1946 schedulam
916 1877 1061 1973 baptismi
1078 1871 1287 1967 ferentes‚'si

257 1998 319 2141 ppn
332 1987 448 2136 complet
460 1969 583 2042 aliamdb
594 1969 633 2040 dc
647 1993 754 2041 eorum
767 1968 936 2068 baptismo,
951 1987 1020 2044 sunt
1034 1973 1091 2044 sub
1107 1963 1280 2044 conditione

296 2085 400 2164 ptrzan
423 2095 445 2137 r.

286 2229 323 2295 (a)
334 2233 451 2294 saptrsmr
462 2193 604 2284 dttattouein
621 2233 712 2297 absque
722 2232 787 2294 tuatt
801 2233 874 2286 causa
887 2233 917 2284 ut
930 2231 1058 2300 medalem
1076 2235 1182 2296 habent,
1199 2236 1243 2286 alti
1256 2235 1278 2286 st

256 2296 432 2364 ututquutuu
441 2301 507 2364 daca,
518 2303 562 2352 atit
571 2304 592 2352 si
601 2291 665 2355 ultrb
673 2318 730 2366 sex,
742 2305 768 2354 et
777 2305 861 2366 ptores
871 2304 892 2353 si
903 2299 967 2354 utut
978 2305 1032 2354 octo
1042 2305 1209 2367 protendatur.

299 2441 351 2507 28.
379 2436 445 2518 Sed
467 2429 598 2507 infantes
614 2436 786 2507 infidelium
797 2436 851 2530 qui
873 2461 935 2504 non
958 2451 1027 2505 sunt
1051 2438 1207 2531 despotied
1226 2423 1278 2508 aul

255 2532 408 2602 serviliter
421 2531 595 2602 christianis
604 2534 794 2629 principibus
805 2533 954 2622 subjecti,
969 2557 1031 2599 non
1042 2533 1155 2601 debent
1173 2533 1278 2602 invitis

254 2629 431 2725 parentibus
449 2629 617 2724 baptizari;
634 2631 707 2724 quia
724 2635 795 2698 clam
812 2645 893 2698 vetet
910 2631 958 2721 jus
980 2644 1098 2696 naturae
1118 2649 1157 2698 ne
1171 2653 1277 2698 eorum

254 2725 399 2822 potestati
420 2725 652 2820 subtrahantur,
681 2724 845 2794 manifesto
868 2739 1091 2819 exponerentur
1116 2725 1277 2821 apostasia}

254 2819 406 2917 periculo.

250 2963 256 2970 -
294 2913 414 3010 Excipe
427 2921 457 2982 1⁰
468 2913 495 2985 si
510 2915 553 2986 iu
566 2916 646 3002 sint,
663 2917 727 2987 sive
741 2941 797 3014 per
810 2911 876 3001 las,
893 2917 957 2988 sive
971 2941 1028 3012 per
1038 2913 1124 2984 nefas
1139 2917 1157 2984 d
1172 2939 1278 3009 paren-

252 3023 319 3078 eum
335 3011 472 3082 custodia
482 3011 644 3092 abstracti,
659 3028 693 3079 ut
706 3013 794 3079 nulla
805 3013 845 3080 sit
860 3039 915 3108 pro
928 3012 1003 3107 ipsis
1017 3037 1087 3104 spes
1100 3011 1230 3078 reditds.

297 3111 341 3173 2⁰.
356 3107 392 3174 si
402 3107 514 3188 inlanS,
526 3108 588 3197 iarn
599 3105 724 3172 rationis
735 3130 877 3199 compos,
891 3101 1022 3199 postulet
1033 3105 1099 3197 ipse
1110 3101 1273 3196 baptisma.

253 3198 318 3270 Sed
329 3216 394 3270 tum
407 3201 516 3272 soreth
531 3215 689 3294 parentum
702 3215 849 3296 potestate
864 3199 1027 3267 eruendus,

294 3301 340 3366 3⁰.
358 3297 393 3365 si
408 3310 549 3390 parentes
564 3293 678 3365 suerint
693 3294 837 3390 baptizati
850 3309 880 3362 et
894 3293 967 3361 sacti
979 3292 1039 3361 sint
1053 3305 1211 3385 apostatae.

265 3441 272 3448 -
291 3389 337 3461 Et
347 3391 431 3459 idem
442 3389 493 3458 dic
508 3389 547 3458 dc
561 3387 776 3458 haereticorum
791 3388 876 3458 filiis.

262 3503 271 3510 '⁴
292 3492 339 3567 4⁰.
365 3485 401 3553 Si
421 3509 499 3553 unus
523 3501 685 3580 parentum
709 3485 893 3564 consentiat,
913 3484 974 3555 nisi
993 3500 1096 3554 tamen
1122 3482 1161 3553 ab
1179 3483 1277 3553 altero

250 3579 413 3650 imminere
426 3605 484 3675 pro
495 3579 610 3650 infante
624 3575 796 3678 peribulum
806 3580 992 3653 seductionis
1006 3580 1230 3679 praevideatur,
1246 3595 1277 3650 et

251 3675 395 3773 potestati
410 3679 475 3767 ejus
487 3676 626 3745 subtrahi
640 3704 703 3746 non
716 3677 826 3773 possit.
1051 3696 1054 3704 ’

295 3777 339 3840 5⁰.
357 3769 393 3838 Si
403 3769 507 3840 'infans
520 3771 640 3844 suturas
654 3772 694 3844 sit
713 3769 861 3870 perpetud
874 3792 991 3844 amens.
1007 3767 1097 3845 'ruat
1111 3771 1191 3846 enim
1204 3783 1275 3839 tunc

252 3865 442 3960 baptizantur
457 3882 487 3934 et
497 3865 607 3936 adulti.
