2984 4666
282 285 351 363 250
558 306 612 362 nn
633 305 770 365 enrno
791 304 1027 379 reincensa

740 529 742 532 .
763 474 815 543 Sl.

658 634 695 684 De
709 634 845 686 tentatione
863 635 920 713 liei.
961 646 966 654 “
1001 707 1010 717 ἢ

161 825 170 836 =
271 853 276 880 ,
320 786 493 881 290.‘Deos
505 781 638 858 tentatur
649 791 720 857 crim
731 789 797 880 ejus
807 789 921 886 petitur
930 789 1079 860 auxilium
1092 790 1133 860 ad
1146 815 1302 888 opnspra·
1325 787 1327 794 ‘

278 906 368 964 vernn
383 899 502 960 etvtunc
515 883 718 963 inductionis3
1172 891 1177 897 ’

276 993 295 1036 ,·
317 978 363 1050 Et
373 983 509 1076 cirmper
519 979 648 1047 abusum
654 978 841 1078 gratiarnm,
851 979 892 1050 ed
902 979 1095 1051 iracundiam
1103 991 1300 1075 provocatum

278 1089 394 1144 eitum
412 1073 653 1168 provocationis3
887 1090 889 1098 ’

189 1164 192 1170 “
316 1168 362 1238 Et
377 1175 448 1238 crim
460 1171 495 1237 fit
509 1169 549 1236 ali
573 1169 627 1236 uid
641 1183 693 1236 aut
706 1167 857 1238 omittitur
866 1167 907 1238 ad
917 1169 1102 1264 capiendum
1113 1169 1301 1265 experimen·

277 1279 343 1335 tum
357 1263 500 1357 potentiae
517 1194 705 1330 reialterius
727 1261 923 1354 perfectionis
941 1263 1070 1348 divine,
1083 1288 1139 1360 per
1157 1267 1301 1333 effectum

279 1357 557 1425 extraordinarium
580 1361 697 1426 temeri
726 1374 938 1452 expectatum,
957 1373 987 1430 et
1008 1375 1081 1428 tunc
1109 1358 1300 1459 probationis

249 1513 255 1524 ,
277 1453 404 1519 tentatio
418 1467 619 1544 nuncupatur.
788 1532 801 1544 Η

319 1546 468 1616 Tentatio
481 1543 671 1642 probationis
686 1560 752 1628 est,

318 1641 394 1708 Atia
407 1640 546 1708 formalis
562 1655 591 1708 et
609 1666 771 1734 expressa,
785 1643 856 1708 cinn
873 1644 983 1733 nempe
1008 1641 1111 1736 seipsi
1133 1641 1301 1710 dubitando

278 1751 331 1802 aut
347 1735 517 1802 diffidendo
534 1736 573 1804 de
593 1735 698 1828 aliqui
710 1735 897 1830 perfectione
914 1736 1036 1818 divina,
1052 1741 1071 1803 a
1086 1737 1156 1806 Deo
1178 1763 1300 1830 expro-

277 1830 377 1923 posito
391 1830 506 1922 petitur
517 1884 524 1913 ,
535 1830 584 1900 vel
597 1831 698 1922 agitur
710 1831 827 1924 aliquid
837 1855 906 1899 cum
917 1831 1019 1898 animo
1030 1832 1208 1924 experiendi
1218 1834 1301 1902 iliius

277 1924 474 2019 perfectionis
488 1927 664 2004 veritatem
1017 2009 1022 2012 ,

318 2017 395 2110 Alia
407 2019 547 2089 virtualis
560 2037 590 2088 et
606 2019 853 2112 interpretativa,
871 2021 942 2086 cnm
955 2017 1040 2110 quis,
1059 2019 1099 2088 de
1111 2018 1299 2113 perfectione

278 2114 383 2182 divine
396 2139 458 2182 non
472 2116 634 2198 dubitans,
656 2132 755 2208 neque
774 2115 935 2184 intendens
949 2114 1032 2183 iltius
1050 2141 1160 2211 capere
1175 2117 1299 2210 experi-
1329 2137 1331 2142 ·

199 2220 205 2246 ”
276 2227 429 2294 mentum,
453 2211 652 2280 nihilominits
677 2212 795 2304 aliquid
819 2211 893 2280 facit
912 2226 964 2281 aut
989 2211 1118 2297 omittit,
1140 2213 1224 2306 quod
1245 2213 1303 2284 seni„

277 2310 389 2376 naturai
402 2309 443 2376 ad
459 2307 538 2374 illud
551 2305 794 2400 experimentum
804 2308 937 2376 refertur
950 2307 1011 2394 (e)
1217 2323 1222 2333 ¹

309 2489 345 2554 (a)
354 2490 505 2540 Tcniationis
522 2488 631 2544 formalis
646 2485 787 2545 exemplum
802 2487 906 2534 traheres
917 2487 943 2534 in
959 2500 988 2534 eo
998 2487 1040 2548 qui
1051 2501 1077 2536 se
1089 2489 1115 2536 in
1125 2489 1228 2551 puteum
1245 2501 1299 2550 pro·

275 2559 379 2618 jiceret,
394 2559 424 2606 ad
434 2558 566 2604 videndum
578 2563 609 2601 an
619 2555 685 2600 Dens
694 2555 771 2600 bonus
782 2555 813 2602 sit
824 2557 849 2604 et
859 2556 986 2622 petensad
997 2555 1068 2602 illurn
1078 2557 1235 2604 servandum.

308 2625 476 2682 virtualis,in
487 2638 515 2670 eo
526 2625 569 2682 qui
586 2623 715 2670 sanitatem
729 2623 846 2682 optando,
865 2624 901 2669 uti
917 2636 966 2670 non
980 2625 1034 2672 vult
1052 2626 1140 2672 mediis
1154 2627 1298 2688 ordinariis,

277 2709 377 2755 sperans
387 2695 454 2740 illam
466 2689 478 2739 i
490 2694 540 2740 soto
557 2695 623 2752 Deo,
642 2693 667 2740 et
685 2693 711 2738 in
722 2705 751 2738 eo
770 2693 826 2752 qui,
838 2693 907 2740 extra
919 2705 1002 2739 casnm
1020 2695 1187 2754 necessitatis,
1207 2697 1298 2756 absque

277 2766 357 2812 studio
367 2765 420 2811 vult
435 2763 581 2822 praedicare,
600 2775 700 2822 sperans
716 2763 795 2810 Deum
815 2761 918 2809 dicenda
935 2763 984 2810 sibi
998 2765 1175 2823 suggesturum.
1194 2763 1245 2812 iiie
1255 2778 1305 2828 spe·

277 2829 386 2889 seclusi,
396 2835 460 2880 esset
470 2827 549 2880 solim
560 2833 727 2893 presumptio.

307 2899 354 2946 Sed
365 2900 430 2946 Deus
439 2913 488 2948 non
504 2904 627 2961 tentator,
639 2896 695 2950 cirnr
707 2899 795 2949 mediis
813 2900 942 2948 ordinariis
958 2895 1141 2961 deficientibus,
1152 2903 1298 2952 necessitate

277 2967 391 3027 cogente,
403 2971 445 3017 ant
455 2971 546 3018 honore
556 2971 601 3018 Dei
613 2972 638 3018 et
648 2969 782 3030 Religionis
791 2970 932 3022 defensione
941 2971 1112 3031 exigentibus,
1121 2967 1135 3018 a
1145 2973 1195 3018 Deo
1204 2973 1299 3044 petitur

277 3037 378 3084 effectus
386 3039 607 3098 extraordinarius,
619 3041 666 3087 sibi
680 3041 724 3087 ant
734 3041 790 3087 aliis
808 3041 892 3099 utilis,
909 3041 1037 3088 illuminer
1056 3041 1103 3087 sihi
1120 3041 1298 3099 promittendo,

276 3117 322 3152 nec
332 3103 443 3154 absolute
458 3108 617 3166 expectando.
629 3107 678 3158 Sed
693 3109 724 3156 ad
736 3109 871 3181 petendum
879 3109 1109 3168 tuncrmiraeulurm
1119 3109 1241 3168 impulsus
1250 3110 1300 3160 Dei

276 3173 392 3233 specialis
406 3175 550 3235 requiritur.
575 3228 579 3234 ,

320 3355 389 3418 ²91·
416 3329 614 3397 Probationis
636 3329 763 3398 tentatio
777 3328 917 3397 formalis
933 3345 964 3412 et
985 3333 1299 3424 expressa,mortaHs

276 3441 322 3496 est
347 3450 390 3493 en
407 3436 473 3493 toto
499 3447 613 3517 genere
634 3441 709 3502 suo,
734 3429 840 3492 contra
862 3423 973 3510 fidem,
998 3442 1140 3522 spernet
1168 3429 1298 3524 religio·

167 3567 169 3574 ‹
266 3511 345 3591 ³nem
359 3523 463 3614 [194'J.
1271 3607 1273 3615 Ι

318 3618 471 3686 Virtualis
493 3631 614 3693 autem,
636 3613 818 3708 simpliciter
841 3614 949 3684 saltem
972 3639 1139 3708 exgenere
1152 3643 1206 3688 seo
1217 3645 1294 3686 mor·

180 3741 183 3750 ·
276 3711 345 3778 talis
368 3727 430 3790 est;
456 3737 517 3780 non
534 3714 607 3790 raris
622 3709 770 3791 venialis,
789 3709 898 3779 saltem
919 3737 975 3806 per
988 3714 1147 3794 accidens,
1164 3715 1295 3804 exigno-

260 3805 373 3876 ,rantii
384 3811 512 3900 nenrpi,
529 3831 565 3876 ex
577 3803 772 3906 simplicitate
785 3822 814 3875 et
826 3805 1101 3886 inconsideratione
1110 3811 1168 3893 (a).
