2932 4658
596 317 828 376 nucaroer.
1094 331 1099 342 .
1155 305 1222 397 dtr

206 406 338 490 fiteatur,
352 415 406 474 aut
417 401 513 474 nubat
525 407 610 499 aequb
625 406 758 476 feliciter
771 403 861 476 alteri
870 405 928 494 (c),
943 399 996 477 aut
1009 399 1226 500 condonetbl),

205 517 257 568 aut
270 501 436 596 stupratori
446 503 562 570 nubere
576 502 673 570 libere
687 503 774 570 velit.
1100 529 1102 534 ·

246 596 334 664 Nota
349 627 357 664 ε
371 597 408 666 si
422 613 576 691 stuprator
588 624 650 666 nou
664 597 821 677 dellortrit
835 597 961 690 quidem
970 599 1139 691 virginem,
1151 616 1225 688 etc,

131 767 135 774 .
205 691 261 758 sed
275 699 331 786 per
345 693 429 776 vim,
442 709 520 775 etc,
534 693 578 760 ita
591 693 779 774 sollicitarit,
795 709 831 760 ut
839 693 912 760 inde
924 693 1018 762 fuerit
1029 695 1190 764 diffamata
1197 713 1228 766 et
1242 715 1245 721 “

206 784 296 880 alteri
310 789 424 856 nubere
434 813 496 855 non
514 787 668 881 potuerit,
685 804 814 856 autnon
838 793 925 881 aeque
944 789 1093 874 feliciter,
1114 809 1228 885 praeter

205 877 331 950 honoris
345 898 375 950 et
387 883 479 950 famae
493 883 719 976 reparationem
733 883 774 951 ad
792 883 900 954 eadem
913 884 1025 954 damna
1034 887 1228 958 resarcienda

204 977 376 1062 tenebitur,
391 978 531 1070 augendo
546 978 667 1062 dotem,
680 993 739 1047 etc.

235 1136 270 1198 (o)
281 1137 317 1184 Ad
330 1139 425 1186 metum
435 1137 547 1186 referunt
561 1135 660 1198 paridam
669 1119 749 1186 minas
758 1132 773 1186 a
783 1137 892 1186 benetieo
903 1136 979 1187 iactas
990 1135 1111 1188 beneficia
1120 1134 1227 1190 ulter-ida

202 1214 251 1250 non
260 1205 423 1263 eoncedendi3
435 1205 493 1264 quia
503 1205 643 1253 libertatem
653 1203 724 1255 valdd
735 1206 858 1253 minuunt.
874 1207 922 1254 atti
932 1209 1061 1256 observant
1071 1207 1160 1257 merito
1171 1208 1226 1258 rard

202 1273 345 1320 evenirent
364 1285 450 1332 preces
460 1267 473 1320 d
484 1274 559 1322 minis
573 1275 705 1333 separata,
721 1275 748 1322 vi
765 1275 937 1338 aequivaleaut.
945 1271 1022 1324 secio
1034 1278 1115 1326 metus
1124 1291 1226 1340 magnus

201 1339 388 1398 reverentialis,
396 1340 466 1388 aiunt
476 1341 580 1388 Biiluart
589 1344 616 1389 et
625 1343 699 1388 Dens.

233 1407 387 1468 AEquivalent
397 1405 575 1468 tamen‚1'uxta
586 1411 695 1470 aliquos,
705 1409 802 1477 quando
821 1421 862 1458 eas
873 1409 1020 1458 comitantur
1037 1412 1178 1472 amplexus,
1186 1426 1226 1462 os-
1271 1429 1278 1441 ·
1298 1433 1302 1440 ³

202 1474 273 1533 cula,
285 1477 375 1535 quibus
391 1479 498 1526 excitata
508 1480 592 1539 puella
607 1480 699 1539 invita,
710 1479 810 1526 tandem
831 1479 905 1526 cedit.
916 1481 991 1528 Fraus
1001 1480 1039 1527 est
1049 1481 1074 1527 et
1091 1480 1175 1540 dolus,
1187 1483 1226 1528 in·

202 1544 258 1601 quit
268 1545 386 1605 Biiluart,
395 1545 491 1606 quando
501 1549 616 1596 seductor
630 1548 752 1608 pmmlttit
764 1559 790 1594 sc
801 1547 859 1594 solis
873 1547 979 1594 tactibus
994 1547 1132 1607 haesurum,
1143 1547 1169 1596 et
1178 1605 1181 1608 ¹
1189 1561 1227 1596 se-

203 1613 335 1662 menintra
344 1615 462 1675 ettundit,
474 1617 499 1664 et
517 1612 573 1665 oiim
584 1617 706 1678 promittit
724 1611 779 1663 tictd
790 1616 987 1675 matrimonium,
1003 1627 1115 1676 magnam
1126 1616 1225 1677 dotem,

203 1693 303 1740 magnas
311 1686 536 1744 remunerationes,
546 1687 605 1746 ete.;
613 1687 657 1746 qui
667 1685 733 1733 enim
740 1685 810 1743 tingit
823 1685 863 1742 id,
874 1685 927 1732 sine
937 1697 985 1744 quo
995 1685 1057 1732 alter
1066 1697 1115 1734 non
1123 1681 1226 1735 constn-

203 1749 277 1810 tiret,
287 1751 334 1812 ipsi
345 1753 404 1802 iacit
411 1755 540 1812 injuriam.
551 1750 586 1802 lta
598 1756 673 1802 ctiam
684 1749 735 1800 lert
744 1755 770 1798 P.
782 1753 842 1800 Gah.
853 1753 1012 1811 Aut..Gollet,
1022 1755 1071 1800 etc.

233 1817 268 1881 (b)
278 1821 357 1868 Etiam
365 1835 409 1882 pro
419 1825 577 1885 parentibus,
586 1820 700 1882 inquiunt
706 1823 732 1868 P.
742 1821 801 1867 Gal).
811 1821 1065 1881 Ant.‚Gollet‚Baitly.
1077 1819 1127 1869 imb
1136 1818 1226 1872 “damin

103 1895 105 1900 ·
201 1901 256 1948 qua
272 1891 381 1948 patietur
400 1893 483 1952 puella
497 1891 613 1940 nubendo
633 1891 706 1939 alteri
725 1901 779 1938 rem
794 1890 928 1954 ignoranti,
949 1889 992 1937 sed
1011 1890 1055 1949 qui
1070 1886 1154 1950 pretet
1169 1903 1225 1940 cam

201 1959 337 2016 cognoscet.
346 1961 376 2006 P.
386 1960 446 2007 Gai.
454 1962 512 2008 Ant.

232 2023 330 2072 Addunt
339 2027 501 2084 stupratorem
511 2023 611 2074 diluent
622 2038 692 2085 posse
702 2023 776 2072 aliter
784 2021 858 2084 quim
867 2036 914 2084 per
927 2022 1157 2083 matrimonium‚,si
1171 2026 1225 2072 exi-

202 2093 243 2148 gat
252 2093 351 2151 puelia,
361 2105 474 2152 reparare
486 2095 566 2140 omnia
575 2096 662 2141 damna
672 2093 749 2140 realia
759 2089 803 2140 eta
814 2092 909 2140 fortiori
920 2091 1007 2137 damna
1017 2091 1096 2139 tanne
1106 2093 1150 2138 Vir
1157 2091 1225 2140 onim

202 2158 258 2216 cui,
277 2161 352 2206 etiam
370 2159 441 2209 auctir
451 2161 520 2220 dote,
539 2161 629 2220 nubet,
641 2161 668 2207 in
679 2173 734 2208 eam
744 2159 905 2220 probabiliter
915 2158 1051 2207 vindicabit
1058 2159 1156 2207 fastidia
1168 2171 1225 2220 quae

201 2226 310 2286 patietur
318 2229 349 2274 oh
360 2229 487 2288 pubiicum
498 2230 738 2290 contemptum,etc.
1040 2223 1044 2230 ’
1127 2261 1129 2265 -

233 2293 265 2356 (ε)
277 2291 364 2344 Contra
373 2299 449 2346 sentit
459 2299 551 2359 callet,
561 2299 620 2359 quia
635 2299 728 2359 nuptiae
739 2293 845 2358 aeqtrales
854 2308 903 2345 non
913 2292 1051 2358 impediunt
1058 2296 1119 2359 quin
1129 2298 1225 2358 stupra·

202 2363 241 2410 tor
251 2363 327 2412 luent
337 2373 411 2413 verus
425 2367 600 2414 damnificatur.
612 2367 652 2415 Sic
663 2363 830 2414 incendiariub
840 2367 969 2414 restituere
980 2367 1093 2426 tenetur,
1104 2367 1150 2414 etsi
1161 2367 1225 2414 ami·

203 2444 247 2478 cus
257 2433 400 2482 incendium
410 2436 474 2494 passi
487 2435 586 2492 domum
598 2433 652 2493 ejus
663 2435 726 2482 dono
735 2434 876 2482 reaedificet.
888 2431 986 2482 sedhic
997 2434 1098 2494 apparet
1109 2435 1224 2483 dinercn-
1319 2444 1323 2452 ·

202 2500 252 2561 tia3
264 2503 430 2550 incendiarius
441 2505 507 2552 enim
516 2505 632 2552 damnum
645 2505 747 2552 realiter
755 2507 847 2552 causat.
858 2504 984 2568 stuprator
993 2499 1052 2554 verb
1063 2503 1142 2551 solum
1155 2505 1225 2552 illine

202 2582 300 2618 eausam
310 2573 392 2632 ponit,
401 2585 474 2633 quam
485 2574 551 2621 tollit
561 2573 604 2634 qui
615 2573 727 2621 vitiatam
744 2572 821 2620 ducit.

232 2637 270 2702 (dl
278 2641 327 2688 Nisi
343 2642 375 2688 sit
385 2637 465 2689 adhrle
481 2643 527 2689 sub
538 2640 598 2690 curt
615 2641 755 2702 parentum.
775 2639 891 2688 Parentes
901 2639 969 2686 enim
985 2634 1081 2697 aliquid
1091 2634 1148 2686 indd
1158 2638 1224 2686 ordi-

201 2705 270 2756 narie
281 2711 415 2769 patientur,
425 2711 501 2757 etiam
517 2723 562 2771 pro
573 2711 702 2768 augmento
720 2707 793 2754 dotis.
806 2709 884 2755 Theoi.
896 2710 957 2754 Ptol.
973 2705 1019 2753 Sed
1030 2700 1090 2753 nirm
1100 2703 1224 2756 immeritb

202 2775 301 2822 videtur
312 2789 367 2822 eam
384 2777 443 2824 huie
453 2779 583 2834 augmento
592 2777 738 2823 renunciare
753 2787 838 2834 posse,
849 2776 875 2822 et
885 2769 981 2836 quandb
991 2771 1101 2832 ruituris
1112 2776 1173 2838 crit,
1185 2775 1224 2823 in-

202 2843 331 2892 demnitati
344 2857 387 2904 pro
398 2857 427 2892 eo
438 2841 452 2892 a
462 2845 598 2904 stupratore
609 2843 713 2893 debitae?
723 2843 785 2892 vide
794 2844 853 2902 575,
864 2858 889 2891 o.

178 2930 184 2936 r
232 2911 292 2958 Nota
304 2924 311 2958 ι
322 2912 438 2970 Quamvis
447 2914 530 2973 puelia
540 2926 585 2973 per
594 2914 659 2972 rim,
671 2913 730 2971 etc„
747 2912 861 2971 seducta,
872 2912 940 2971 virgo
956 2911 1068 2972 reputata
1078 2922 1127 2960 non
1138 2912 1223 2972 fucrit,

203 2977 253 3028 tmd
261 2975 311 3038 itm
318 2982 413 3040 prolem
421 2983 545 3041 tamarit,
553 2982 661 3032 attamen
669 2981 699 3028 ad
707 2982 795 3030 damna
803 2981 878 3028 realia
886 2983 1020 3040 reparanda
1028 2982 1126 3030 tenetur
1136 2983 1224 3029 sedue-

202 3050 256 3096 tort
267 3051 292 3098 et
299 3045 363 3110 saept
374 3051 401 3097 fit
408 3052 437 3097 ut
445 3052 537 3112 puella,
548 3052 602 3111 post
610 3051 711 3099 alteram
721 3052 828 3110 prolem,
837 3046 919 3098 minias
930 3047 992 3099 bend
1003 3052 1079 3100 nubat
1087 3047 1161 3112 quim
1169 3055 1224 3111 post

201 3130 285 3167 unam.
300 3119 406 3182 Excipe,
420 3120 441 3168 ai
461 3121 495 3170 stt
511 3120 630 3168 meretrix
647 3120 761 3180 pubiica3
772 3121 840 3168 nulla
851 3121 918 3168 enim
935 3119 1023 3167 damna
1033 3120 1110 3168 realia
1120 3119 1222 3178 patitur.

659 3219 773 3232 Q

243 3263 318 3348 37²·
334 3258 481 3328 Puellam
493 3259 607 3326 ducere
617 3271 736 3326 tenetur
747 3257 800 3349 qui
809 3258 907 3344 leam,
928 3256 985 3325 sub
1001 3255 1223 3349 promissione,

203 3353 296 3419 etiam
316 3354 406 3438 ficta,
422 3349 628 3440 matrimonii,
650 3351 709 3422 etsi
728 3351 858 3437 sineri,
877 3367 961 3436 etc.,
981 3353 1022 3419 ad
1040 3349 1157 3434 crimen
1177 3350 1226 3416 in-

203 3447 310 3529 duxit,
324 3447 387 3514 nisi

248 3547 279 3608 1⁰
302 3542 464 3634 Stuprator
479 3544 569 3610 alteri
591 3546 656 3634 jam
675 3542 872 3638 promiserit,
897 3541 947 3609 vel
965 3543 1040 3635 ³voto
1065 3539 1223 3629 religionis

202 3636 297 3706 fierit
309 3635 432 3726 ligatus,
447 3635 575 3730 haecque
587 3639 696 3708 saltem
710 3663 772 3704 nou
785 3635 972 3727 ignoraverit
983 3633 1086 3725 puella
1098 3636 1158 3722 (a).

229 3731 319 3810 ,Nisi
333 3738 365 3798 2⁰
379 3731 538 3800 dissentiat
557 3749 645 3828 pater
672 3748 794 3801 tutorve
818 3743 976 3822 stuprata,
991 3729 1041 3795 vel
1055 3728 1122 3824 ipsa
1139 3762 1146 3799 ι
1166 3757 1222 3802 nec

204 3843 322 3898 tenetur
337 3843 409 3896 tunc
421 3851 491 3898 eam
501 3827 628 3908 dotare,
644 3827 670 3894 si
687 3826 749 3894 sint
763 3821 1097 3918 aequalis-conditionis.
