2932 4658
306 249 378 321 388
443 269 497 322 nn
519 271 776 326 senrlnonn
795 269 957 330 nncrno
977 273 1212 330 ermenero

220 399 236 428 0
305 356 422 447 justitia
432 355 636 440 vindicative‚
653 384 690 426 cx
701 360 787 448 cujus
802 359 968 428 violatione
976 359 1112 454 sequitur
1122 361 1255 456 proinde
1264 387 1334 435 nom

304 455 377 521 raro
392 451 522 546 triplicis
534 449 629 542 hujus
638 453 754 547 speciei
766 455 891 542 justitiae
904 455 1041 526 violatio.

348 553 380 614 2⁰
404 546 545 614 Violetio
570 551 718 640 cujusque
740 551 925 644 supradicte
948 552 1073 640 justitiae
1095 566 1141 620 cst
1167 568 1332 646 peccatum
1409 547 1412 550 ¹

304 665 349 710 ex
361 663 474 731 genere
485 666 539 710 suo
550 644 700 727 mortale,
717 645 791 736 quia
805 637 948 738 qumibet
959 647 1054 734 finem
1068 647 1162 716 habet
1177 647 1327 740 gravissi-

304 763 406 819 mum,
421 737 537 806 bonum
549 743 659 832 nemp'e
673 765 850 826 commune,
861 767 988 836 pacem,
1004 741 1205 830 charitatem,
1216 743 1327 828 securi·

303 845 411 903 tatem.
1169 873 1174 880 ¹

690 969 890 1018 AR'HGULUS
905 973 941 1020 lt.

529 1153 533 1160 f
566 1115 603 1162 De
616 1113 713 1173 iustitii
723 1111 773 1164 att
782 1114 847 1164 dicta
859 1115 885 1165 et
900 1115 984 1168 stricte
995 1117 1068 1168 dicta.
1175 1111 1179 1119 ⁴

343 1291 416 1349 410.
433 1269 579 1337 Jnsmrra
592 1269 654 1338 late
667 1269 751 1338 dicta
765 1296 801 1339 ea
815 1287 861 1338 est
871 1297 939 1364 quac
953 1273 1079 1344 inclinat
1092 1272 1136 1340 aci
1143 1273 1329 1344 servandam

302 1364 508 1458 aequalitatem
522 1394 591 1434 cum
605 1367 673 1455 jure
684 1366 809 1460 alterius
823 1366 884 1434 late
899 1365 993 1436 elicto.
1162 1453 1169 1460 ¹

343 1459 422 1548 Ejus
456 1463 531 1569 ergo
565 1461 691 1529 violatio
723 1487 785 1528 non
811 1467 911 1553 magis
938 1462 1086 1556 importat
1109 1461 1325 1554 obligationem

301 1555 502 1624 restitutionis
520 1561 615 1649 quarn
631 1555 758 1624 violatio
769 1556 894 1624 alterius
909 1556 1042 1626 virtutis.

254 1677 257 1684 ·
342 1650 472 1718 Justitia
486 1667 589 1718 autom
602 1651 706 1718 stricte
722 1649 822 1732 dicta,
838 1677 893 1718 seu
905 1652 1030 1736 stricta,
1048 1677 1083 1718 ea
1094 1666 1140 1720 ost
1154 1677 1222 1744 quae
1232 1651 1328 1720 incli-

299 1745 407 1811 netad
420 1747 603 1812 servandam
623 1745 830 1836 aequalitatem
852 1771 922 1812 cum
944 1746 1013 1832 jure
1032 1745 1159 1813 alterius
1174 1747 1281 1814 stricto
1296 1761 1326 1815 ei

296 1837 459 1927 rigoroso,
485 1839 570 1925 cujus
593 1838 725 1930 proinde
750 1837 876 1904 violatio
900 1838 1082 1909 restituendi
1105 1839 1326 1932 obligationem

298 1933 471 2028 importat(
492 1934 523 2019 y

331 2115 367 2181 (a)
379 2117 525 2179 Exemplum
543 2116 671 2176 utriusque
681 2115 756 2180 hujus
769 2113 870 2175 institiae
881 2115 1023 2164 violationis
1032 2115 1109 2165 hebes
1123 2117 1150 2164 in
1161 2129 1191 2166 eo
1206 2117 1250 2178 qni
1260 2113 1325 2166 nitri

298 2191 407 2249 pretinm
424 2187 518 2246 justum
529 2187 613 2234 vendit
623 2199 718 2234 mercae
731 2183 832 2246 praecisi
846 2186 991 2250 proiribitns.
1006 2186 1141 2234 vendendo
1157 2199 1197 2234 eas
1212 2188 1325 2247 quamvis

299 2257 448 2318 prohibitas,
463 2256 550 2316 peccat
570 2249 653 2302 contri
671 2254 792 2312 justitiam
811 2251 859 2302 late
877 2254 982 2315 dictam,
999 2255 1025 2303 et
1043 2256 1075 2302 oi>
1090 2255 1137 2303 hoc
1155 2253 1255 2315 praeeise
1274 2267 1325 2304 non

297 2327 398 2371 tenetur
408 2324 439 2371 ad
449 2323 639 2372 restitutionem.
646 2323 780 2372 Vendendo
789 2319 848 2374 vcro
859 2335 900 2372 ees
910 2319 975 2372 ultr'e
985 2325 1109 2385 pretium,
1119 2323 1196 2374 violat
1203 2323 1324 2383 justitiam

297 2393 408 2441 strictam
419 2391 444 2440 et
459 2391 590 2440 restituere
606 2392 715 2442 tenetur.

339 2553 414 2628 411.
438 2549 513 2618 Sola
528 2551 602 2638 ergo
623 2549 742 2637 justitia
757 2549 976 2618 commutativa
993 2567 1038 2618 est
1059 2549 1177 2641 justitia
1197 2549 1322 2632 stricta,

298 2646 425 2739 solaque
438 2645 586 2740 importat
600 2645 631 2710 in
646 2669 713 2712 eam
726 2643 858 2711 laedente
871 2644 1073 2712 restitutionis
1091 2645 1321 2737 obligationem

225 2796 230 2806 .
338 2741 425 2811 Nam
449 2748 480 2808 1⁰
507 2741 571 2809 sola
589 2739 720 2808 intendit
743 2739 951 2831 aequalitatem
967 2740 1214 2824 arithmeticam,
1229 2740 1324 2834 respi-

298 2839 402 2932 citque
424 2837 561 2904 medium
575 2835 621 2903 rei
635 2834 836 2910 invariabile,
855 2835 888 2901 in
911 2860 947 2903 eo
965 2835 1131 2903 consistens
1149 2835 1324 2928 quodian-

296 2937 364 2998 tirm
380 2934 469 3000 detur
482 2935 630 3024 quantirm
643 2931 788 3010 debetur,
811 2931 886 2996 diem
912 2945 1031 2997 caeterae
1056 2928 1180 3018 justitiae
1207 2928 1324 3022 species

297 3027 457 3094 intendunt
469 3027 569 3094 solirm
579 3025 715 3092 medium
727 3024 873 3102 rationiS,
890 3025 1057 3092 consistens
1070 3025 1151 3092 ineo
1162 3025 1246 3116 quod
1259 3039 1324 3092 tan·

236 3125 238 3134 '
297 3127 364 3190 tinn
387 3123 476 3190 detur
494 3125 642 3215 quantitm
659 3124 678 3188 ἐι
698 3118 819 3188 ratione
839 3118 1068 3210 prescribitur,
1089 3117 1234 3212 spectatis
1248 3117 1323 3190 cir·

298 3217 501 3288 cumstantiis.

337 3312 425 3384 Nem
439 3320 473 3380 2⁰
496 3313 562 3381 sola
581 3311 729 3406 importat
752 3311 945 3380 alteritatem
967 3305 1155 3400 perfectam,
1182 3329 1238 3373 seu
1258 3307 1322 3376 sola

297 3425 456 3479 exercetur
473 3409 554 3478 inter
576 3433 724 3504 personas
739 3407 789 3474 vel
801 3407 937 3501 perfecte
952 3402 1128 3485 distinctas,
1140 3402 1190 3470 vel
1202 3401 1322 3470 uitales

297 3503 506 3574 consideratas
518 3506 579 3589 (a).
595 3503 679 3573 Inter
692 3502 768 3571 tales
782 3500 866 3569 enim
875 3496 975 3598 soline
985 3514 1088 3594 potest
1099 3523 1165 3590 esse
1174 3497 1225 3588 jus
1236 3497 1323 3566 strie-

296 3617 364 3668 tum
379 3616 410 3668 et
422 3601 539 3692 justitia
554 3600 672 3668 stricta.

302 3721 306 3728 ¹
338 3693 404 3764 Sed
431 3696 539 3764 sedulo
561 3712 635 3762 nota
661 3691 785 3786 justitiae
808 3689 902 3780 legali
928 3705 959 3760 et
981 3689 1186 3760 distributiva
1210 3686 1322 3757 sociari

297 3795 378 3898 sicp‘e
393 3791 660 3873 commutativam,
675 3788 861 3882 insimulquc
877 3803 1041 3880 utramque
1057 3785 1178 3856 violari.
1195 3782 1249 3852 Sic
1265 3781 1324 3875 qni
