2932 4658
267 337 346 429 ,358
390 351 394 360 ’
452 355 507 406 nn
528 351 661 403 senno
681 347 734 400 nr
755 347 872 404 nono
893 323 1133 402 rnmcnrro

271 440 379 536 utpotb
391 435 635 530 gemibunbenb
645 434 785 517 moratis,
798 432 890 527 etqui
899 433 1042 516 nonnisi,
1054 434 1134 502 sicut
1146 432 1301 528 loquens,

271 539 313 606 de
328 535 494 607 verborum
506 531 637 600 artificio
651 547 704 598 aut
722 529 963 624 aequivocatione
981 529 1231 613 delectabuntur,
1246 559 1303 602 vc·

271 631 354 700 etate
367 628 469 698 sotum
485 625 531 693 ibi
546 641 638 716 esset.
658 626 706 694 lt'a
721 624 925 694 communiter
936 641 1008 720 post
1022 624 1072 694 D..
1084 625 1294 712 Antoninum,

261 725 346 819 ‘quia
356 737 478 792 nonest
491 721 543 789 hic
554 719 657 812 gravis
672 719 880 813 deopdinatio.
1183 719 1184 723 ’

313 819 404 900 ltem,
419 819 438 884 a
452 815 576 896 mortali
590 815 719 897 saltem,
736 814 874 883 excusari
887 839 976 909 posse
992 814 1138 899 vitientur
1152 815 1213 886 viri
1226 838 1296 908 gra·

271 939 325 982 ves
337 929 366 981 et
378 911 503 1007 pudici,
517 911 586 1004 qui,
596 910 718 1006 lepores
728 909 871 978 dictionis
886 925 1057 1003 quaerentcs
1074 911 1182 994 unice,
1194 910 1292 982 libros

271 1002 376 1098 legunt
386 1029 598 1082 romanensem
611 1030 731 1072 amores
746 1005 906 1098 profanos,
918 1004 1104 1075 amasiorum
1120 1020 1150 1072 et
1163 1005 1293 1076 amasia·

271 1129 342 1172 rum
357 1101 509 1194 colloquia
519 1125 666 1193 casusque
679 1100 809 1170 libidine
821 1100 999 1184 intricatos,
1011 1101 1212 1170 continentes.
1225 1099 1293 1170 Sed

271 1223 324 1264 eos
337 1217 400 1264 non
413 1195 572 1288 quibusvis
582 1210 652 1288 post
664 1195 783 1262 obitum
794 1193 985 1288 relinquant.
1083 1223 1086 1230 s

313 1291 473 1380 Quantum
487 1305 587 1358 autem
598 1315 648 1357 cos
665 1289 769 1381 legere
779 1290 898 1384 possint
912 1289 966 1358 alii
981 1315 1018 1357 ex
1033 1285 1199 1358 intentione
1212 1290 1293 1384 puri

270 1402 375 1454 utnon
390 1383 533 1454 censendi
544 1384 616 1467 sint,
632 1385 672 1451 ob
685 1385 868 1480 periculum,
882 1384 1053 1454 mortaliter
1065 1409 1210 1479 peccare,
1226 1409 1288 1452 non

270 1497 371 1576 potest
383 1481 443 1548 nisi
455 1507 491 1548 ex
503 1479 739 1556 circumstantiis
754 1479 844 1561 libri,
859 1480 907 1548 vel
924 1479 998 1549 libri
1010 1479 1072 1549 loci
1091 1481 1145 1572 qui
1159 1480 1270 1573 legitur
1279 1531 1293 1563 ,.

272 1592 302 1646 et
315 1574 545 1670 propensionis,
557 1575 766 1658 infirmitatis,
779 1591 851 1655 ete,
866 1575 1006 1666 legentis,
1019 1575 1197 1667 dijudicari.

313 1671 378 1739 Sed
404 1668 502 1737 libros
516 1670 641 1738 omninb
657 1669 823 1753 obscenos,
845 1671 956 1738 neceb
980 1668 1130 1740 sermonis
1137 1670 1267 1767 lepores
1278 1721 1292 1752 ,.

271 1765 416 1858 cuiquam
426 1764 529 1854 legere
543 1765 591 1832 fas
606 1782 663 1835 est.

311 1860 350 1928 ln
360 1857 605 1952 epistolisvcrb,
622 1857 800 1940 cantilenis,
823 1855 1287 1948 munusculis‘pur‘eamatoriis

270 1952 346 2048 latet
361 1954 469 2043 saltem
480 1951 587 2044 anguis
599 1953 752 2049 perfidus..
830 1955 834 1961 ’
1172 1975 1174 1980 ’

311 2149 385 2217 383.
401 2146 572 2214 Audientes
595 2144 706 2214 itidem
730 2143 866 2234 graviter
877 2136 1026 2234 peccant,
1041 2141 1069 2210 si
1082 2165 1121 2210 ex
1133 2149 1207 2226 ,vel
1217 2165 1289 2211 cum

264 2238 383 2311 ‘affectu
402 2243 442 2310 ad
455 2241 569 2335 turpia.
1165 2300 1166 2303 ,

311 2338 343 2403 Α
357 2324 480 2404 sorberi
493 2335 547 2428 qui
558 2334 701 2416 excitant,
717 2347 748 2401 et
761 2333 809 2401 illi
822 2331 987 2400 nebulones
994 2331 1048 2425 qui
1058 2355 1188 2425 quaeque
1199 2330 1291 2402 obvia

269 2431 303 2502 in
314 2431 434 2516 verbis,
443 2431 597 2520 gestibus,
610 2445 683 2510 ete,
694 2429 735 2494 ad
746 2453 868 2496 sensum
882 2425 1008 2494 flectunt
1020 2427 1191 2522 impurum.

310 2527 379 2597 lma
390 2526 444 2620 qui
460 2523 641 2618 simplicite'r
651 2523 851 2616 approbant.'
881 2605 885 2613 Ι

312 2622 410 2692 Secus
417 2621 444 2689 si
454 2621 569 2712 absque
584 2618 697 2685 affectu
711 2615 795 2710 turpi
805 2669 813 2696 ,
825 2611 1040 2682 necullatenirs
1050 2617 1211 2703 excitando
1224 2667 1234 2698 ,
1248 2616 1290 2684 tle

269 2717 507 2812 aequivocatione
516 2715 584 2810 ipsa
594 2712 714 2796 solium,
726 2715 788 2780 etc.
799 2711 874 2796 (a),
890 2708 1022 2789 rideant,
1036 2711 1204 2780 modbnon
1215 2711 1289 2781 dent

270 2813 372 2884 locum
386 2837 452 2880 rem
464 2809 626 2902 pensandi.

305 2909 476 2996 Attamen,
491 2903 518 2970 si
532 2928 594 2969 non
607 2901 732 2970 omuiub
746 2899 986 2980 inadvertenter,
999 2899 1045 2967 ibi
1055 2900 1178 3062 veniabp
1188 2916 1245 2970 est.

309 2995 397 3085 Quin
408 3014 437 3063 et
449 2995 607 3090 pudicitiae
621 3011 739 3062 amator
754 2997 868 3065 rubore
889 2995 1085 3080 suffunditur,
1098 2997 1138 3064 ad
1149 3017 1167 3062 a'
1179 2995 1289 3086 iaque,

269 3091 297 3160 si
309 3089 463 3185 impedire
477 3105 610 3184 nequeat
623 3089 735 3178 aliter,
756 3105 877 3160 tenetur
887 3117 929 3170 ¹err
946 3089 1101 3175 charitate
1114 3111 1287 3158 sermonem

270 3199 462 3259 convertere·
516 3225 517 3228 ¹
547 3247 550 3266 ,.

310 3281 405 3350 Unde
412 3279 612 3377 increpandae
625 3282 758 3351 multirm
773 3296 803 3352 et
818 3279 927 3376 puellae
941 3295 971 3347 et
986 3276 1130 3343 mulieres
1147 3290 1286 3346 recenter

268 3391 384 3470 nuptae,
398 3398 467 3468 quae
482 3374 554 3442 lic'et
569 3377 718 3446 castitatis
741 3379 921 3456 amatrices,
936 3370 1031 3438 verba
1044 3369 1093 3437 vel
1108 3370 1286 3463 aequivoca,

269 3495 338 3563 quae
345 3466 393 3538 ffad
400 3494 433 3538 se
444 3467 631 3560 diriguntur,
638 3471 730 3540 etiam
739 3472 804 3540 sine
818 3465 1020 3536 maloaffectu
1030 3465 1170 3550 audiunt,
1182 3465 1285 3535 animo

269 3581 451 3660 apparenter
462 3566 551 3657 quasi
575 3566 777 3647 indifferenti,
788 3567 948 3654 magisque
962 3585 1031 3655 quae
1044 3560 1174 3630 innuunt
1193 3588 1226 3632 se
1241 3561 1287 3630 in-

267 3661 423 3752 telligerc;
440 3663 515 3756 quin
527 3663 594 3732 istae
604 3689 665 3730 non
680 3661 874 3732 absolvenda
887 3661 1050 3744 ridentur,
1064 3658 1151 3729 sisic
1165 3685 1202 3729 ex
1215 3681 1284 3726 con·

268 3755 442 3836 suetudinc;
461 3759 633 3854 approbant
646 3756 738 3826 euim.
765 3757 797 3825 A
816 3755 939 3826 fortiori
953 3755 989 3842 ,si
1004 3755 1044 3842 ¹in
1063 3756 1173 3827 eodem
1192 3775 1285 3829 senor

268 3852 483 3927 respondeant.
1065 3889 1068 3896 ‚
