2932 4658
262 408 287 439 ·.
568 333 800 415 22122221.
859 433 860 436 ¹
1101 342 1199 416 ν385

140 478 141 481 ¹
206 439 316 508 telluris
335 441 397 494 enim
413 437 699 508 12222222222212212
719 451 859 509 usucapione
867 438 982 509 prodesse,
998 449 1048 498 sola
1068 442 1125 512 ergb
1140 453 1199 502 tacti

102 537 106 545 ·
175 511 312 574 ignorantia
320 515 530 576 praescriptionem
540 514 608 562 iacit.
618 516 688 564 Unclc
699 515 725 563 l⁰
735 517 757 564 si
773 517 887 564 dubitans
903 529 935 564 an
945 529 987 564 res
1000 519 1034 566 sit
1046 531 1103 580 sua,
1124 521 1199 582 simul

176 581 273 630 dubitet
283 595 314 630 an
324 584 398 631 liceat
407 583 455 630 sibi
464 595 518 631 eam
527 582 650 644 retinere,
665 597 716 632 non
729 585 855 632 continuat
868 585 1047 645 possessionem
1063 585 1125 635 bona
1135 589 1197 648 lide3
1262 641 1265 646 ,

176 661 247 698 secus
262 650 282 698 si
296 649 392 710 judicet
406 663 432 700 sc
447 652 478 699 ob
497 651 627 699 meliorem
647 651 813 701 conditionem
834 654 981 713 possidentis
1001 667 1071 716 posse
1086 669 1141 705 eam
1159 671 1199 705 rc-

174 716 264 768 tinere.
275 723 305 770 P.
317 721 376 770 Get.
385 723 442 770 Ant.
452 714 521 768 Unde
531 719 558 768 2⁰
567 733 617 768 non
627 721 795 780 praescribitur
805 723 870 782 quod
880 723 1027 782 acquisitum
1038 725 1075 773 est
1086 739 1131 785 per
1141 737 1198 774 con-

174 787 280 836 tractum
290 791 441 850 usurarium,
461 801 509 836 nec
520 789 585 848 quod
596 792 706 850 emptum
717 791 755 838 est
764 786 779 838 is
789 791 902 852 religioso
913 793 1009 853 cognito
1019 795 1048 842 ut
1058 794 1117 852 tali,
1133 795 1196 844 bene

173 857 233 909 verb
244 862 264 909 si
275 862 400 922 ignoretur
409 859 589 910 invincibiliter
599 873 653 908 rem
664 873 717 908 esse
727 860 845 919 religiosi.

202 930 229 978 Si
240 933 323 980 tamen
330 931 384 992 ius,
395 930 461 990 quod
471 929 608 988 ignoratur,
626 941 676 976 non
687 929 720 976 sit
734 929 831 976 certum
841 929 885 976 secl
895 929 1038 990 obscurum,
1048 925 1120 993 juxti
1132 933 1195 979 mul·

171 995 222 1060 tos,
234 1001 292 1048 satis
302 1001 338 1048 est
352 1000 421 1048 bonae
437 997 496 1044 fidei
516 997 547 1044 acl
557 997 765 1056 praescribendum
779 997 807 1046 in
822 995 981 1046 conscientia.
996 995 1047 1047 lm'o
1061 1012 1111 1049 non
1120 1002 1195 1062 pauci

171 1078 228 1114 cunr
238 1069 340 1116 Billuart
350 1068 415 1115 idem
424 1066 532 1125 censent,
542 1065 655 1126 quamvis
663 1065 743 1124 iussit
753 1066 859 1122 certum-

100 1135 103 1139 '
200 1136 332 1197 Excipiunt
343 1131 422 1182 adbirc
432 1135 594 1182 communiter
602 1133 722 1193 theologi,
733 1131 814 1193 inquit
828 1135 859 1181 D.
869 1133 949 1194 Dens,
968 1135 1023 1182 illas
1033 1147 1148 1196 personas
1166 1139 1194 1186 in

169 1201 259 1262 quibus
269 1205 404 1264 ignorantia
410 1203 474 1262 iuris
483 1203 610 1264 toleratur,
620 1203 649 1250 ut
658 1203 765 1263 milites,
775 1203 882 1250 minores
887 1203 912 1250 et
921 1202 1067 1266 quandbque
1075 1206 1206 1266 mulieres,

170 1271 197 1320 ct
210 1273 305 1330 rustici.
317 1272 364 1320 Sed
374 1271 409 1320 sic
419 1271 580 1332 probabiliter
589 1285 638 1319 non
649 1271 790 1330 iudicarent
804 1272 948 1320 tribunalia.
983 1291 987 1294 ·

198 1339 355 1389 communitis
364 1341 451 1389 tenent
460 1341 584 1400 auctores,
597 1341 682 1400 inquit
695 1341 786 1399 Collet,
804 1352 861 1388 eum
871 1341 914 1400 qui
929 1353 962 1388 ex
972 1341 1112 1392 invincibili
1127 1345 1191 1404 iuris

66 1450 68 1453 .
170 1419 253 1457 errore
272 1409 399 1470 quidpiam
416 1409 559 1470 acquisivit,
578 1409 642 1456 illud
656 1409 687 1456 50
701 1421 821 1458 annorum
839 1409 919 1470 spatio
936 1412 1110 1478 prescribere,
1131 1415 1189 1476 qnia

168 1477 319 1550 prescriptio
329 1478 383 1528 baec
391 1473 567 1536 nullibibjnre
577 1477 695 1528 irritatur.
962 1475 977 1481 “
1071 1517 1073 1520 .

173 1661 176 1666 ’
212 1665 248 1741 I?
261 1661 356 1732 Circei
367 1655 487 1756 tompus
504 1661 544 1730 ad
557 1643 822 1756 praescribendum
835 1661 1018 1756 requisitum

207 1766 280 1850 toy.
306 1757 448 1850 Tempus
475 1755 559 1826 alind
582 1757 710 1850 longum
733 1758 863 1850 dicitur,
891 1787 929 1828 ro
942 1773 996 1829 eut
1012 1784 1123 1854 nempe
1147 1773 1189 1830 20'

164 1878 325 1924 2222222.
821 1889 824 1899 s

203 1948 303 2018 Aliud
319 1944 551 2036 longissimum,
566 1951 607 2014 30
618 1961 671 2014 eut
683 1951 725 2026 42
736 1969 902 2014 annorum.

206 2043 301 2112 Aliud
319 2032 555 2109 immemoriale.

198 2139 289 2209 Infra
299 2135 364 2204 haec
373 2134 467 2202 breve
477 2146 529 2200 aut
542 2130 772 2204 brevissimum·

206 2263 223 2294 «ι
236 2233 356 2302 Toutes
380 2229 424 2298 les
437 2227 554 2296 actions
579 2243 645 2296 tant
667 2227 778 2296 rc'elles
802 2251 863 2322 que
885 2228 1092 2322 personnelles
1106 2233 1183 2304 'sont

161 2359 179 2388 υ
196 2325 361 2424 prescritcs
372 2350 430 2420 par
450 2340 550 2394 trente
560 2346 630 2406 ans,
652 2349 722 2392 sans
736 2349 795 2416 qne
813 2323 890 2392 celui
904 2325 959 2420 qui
972 2325 1092 2420 allegue
1104 2347 1182 2402 cetto

158 2421 179 2481 »l
191 2421 396 2521 prescription
409 2419 469 2490 soit
481 2419 585 2512 ohlige
598 2420 638 2487 <le
651 2435 813 2513 rapporter
828 2445 927 2488 aucun
942 2421 1014 2490 titre
1025 2425 1149 2512 (2262).
1164 2457 1179 2482 n

201 2550 218 2580 α
233 2517 325 2588 Celui
344 2515 399 2611 qui
424 2514 563 2610 acquiert
586 2515 625 2584 de
641 2515 743 2586 bonne
767 2515 823 2584 foi
836 2532 866 2586 ct
882 2541 939 2612 par
952 2518 1033 2606 juste
1048 2520 1120 2588 titre
1140 2549 1181 2589 nn

160 2645 175 2673 n
194 2612 382 2696 immeuble,
408 2637 446 2681 en
461 2611 594 2704 proserit
618 2609 651 2678 12
677 2610 836 2704 propriete
858 2637 916 2704 par
940 2612 1000 2702 dix·
1014 2637 1087 2695 ans,
1103 2613 1129 2681 si
1151 2614 1181 2683 lo

104 2749 107 2753 ·
159 2739 174 2768 ι·
197 2709 348 2777 veritable
361 2706 568 2799 proprie'taire
586 2704 692 2771 habite
713 2705 789 2770 dans
806 2703 837 2772 12
858 2718 973 2771 ressort
993 2704 1033 2772 (12
1054 2706 1085 2774 12
1106 2733 1179 2775 cour
1273 2748 1277 2753 >

145 2834 175 2862 o·
197 2799 321 2896 d'appcl
332 2801 408 2868 <lans
418 2799 571 2866 l’e'tendue
582 2798 621 2866 do
631 2797 764 2890 laquelle
777 2797 966 2866 l'immeuble
978 2813 1024 2868 est
1038 2799 1135 2884 sitne,
1149 2821 1180 2871 ct

156 2924 171 2954 u
195 2921 252 2992 par
262 2895 349 2986 vingt
360 2917 415 2962 ans
426 2892 475 2960 s'il
490 2907 536 2960 cst
545 2891 702 2960 domicilii
714 2891 787 2962 hors
799 2893 887 2961 dudit
896 2910 1011 2962 ressort
1021 2895 1147 2988 (2265.)1
1161 2927 1176 2952 2·

154 2993 221 3063 Pro
231 2990 300 3060 aliis
310 2984 604 3084 praescriptionibus,
615 2986 690 3056 vide
698 3003 773 3057 sect.
785 2995 816 3072 l,
828 3013 897 3082 cap.
911 2995 942 3073 5,
953 2989 1004 3057 tit.
1017 3019 1068 3074 20,
1076 2991 1133 3061 lib.
1143 2998 1175 3060 3.

194 3085 311 3178 Quoid
320 3083 449 3152 mobilia
467 3112 476 3154 r
493 3113 509 3142 «
523 3083 574 3152 La
587 3081 761 3178 possession
770 3101 842 3172 raut
852 3085 944 3168 titre,
958 3101 1017 3155 etc.
1035 3113 1051 3142 o

195 3213 211 3240 u
226 3179 420 3252 Nc'anmoins
434 3177 512 3246 celui
525 3178 580 3271 qui
593 3203 611 3246 a
625 3179 725 3274 perdo
739 3204 779 3246 ou
790 3181 900 3272 auquel
914 3181 938 3247 il
951 3187 1028 3248 ae'tc'
1039 3180 1107 3250 volo'
1117 3209 1177 3250 222
1222 3217 1228 3231 ·

52 3311 53 3314 ¹
154 3278 294 3362 »'ch0se,
309 3290 383 3372 peut
396 3275 428 3342 la
442 3274 647 3368 revendiquer
664 3269 799 3368 pendant
811 3275 888 3343 trois
903 3301 973 3358 ans,
994 3280 1016 3344 ai
1039 3295 1175 3372 comptor·

154 3401 170 3430 »
186 3373 230 3441 du
241 3373 311 3462 jour
326 3372 365 3440 de
378 3370 409 3438 la
421 3385 509 3465 perte
523 3395 564 3438 ou
578 3371 621 3438 du
634 3370 702 3454 vol,
715 3385 820 3440 contre
831 3369 910 3440 celui
928 3372 1004 3442 lans
1018 3370 1064 3442 les
1076 3373 1183 3454 mains

152 3497 167 3526 »
185 3466 301 3561 duquel
312 3466 337 3534 il
352 3465 385 3533 la
397 3481 506 3536 trouve
520 3467 644 3557 (2279).
661 3494 678 3522 ²»
943 3552 947 3556 Ι
983 3555 985 3558 ¹

190 3562 280 3632 Rarb
291 3577 338 3630 ost
349 3561 432 3629 hona
447 3562 525 3630 fides
542 3562 575 3629 in
589 3560 874 3656 praescriptionibus
888 3561 991 3636 brevis
1005 3557 1173 3647 temporis,

149 3683 185 3726 ac
200 3655 512 3751 proindesaepissimi
523 3682 585 3724 non
597 3655 700 3724 valent
712 3655 772 3724 nisi
789 3655 823 3724 in
833 3657 903 3724 foro
919 3672 1042 3726 externo
1049 3659 1109 3744 (a).

189 3753 275 3839 Nota
291 3749 494 3842 r'l’hcologus
506 3756 586 3842 saep'e
598 3752 638 3818 ad
650 3751 843 3844 jurisperitos
858 3751 1030 3822 necessarii)
1042 3754 1172 3824 recurrit

150 3849 182 3914 in
195 3846 331 3916 materiis
346 3847 587 3943 prascriptionis
598 3845 699 3941 ,sicut
712 3847 746 3916 in
760 3847 829 3915 aliis
843 3847 959 3916 multis.

244 3959 267 3990 1.
599 3951 601 3956 '
1021 3943 1053 3996 25
