2932 4658
553 282 792 362 oceaeoeri
1115 281 1183 357 381

161 397 423 496 nonrnterriptu,
439 397 581 494 pacifica,
593 394 785 492 publica(a),
797 415 860 462 non
873 389 1043 487 aequalem,
1055 403 1086 460 et
1097 391 1188 460 titulo
1262 397 1265 402 '

161 495 554 592 proprietatis¹(2229)(b).
965 505 968 512 '

204 593 271 662 Sed
281 591 392 686 aliquis
402 616 461 700 pro
475 616 519 670 se,
532 603 562 657 et
575 586 667 656 titulo
679 583 880 682 ‘proprietatis
893 581 1052 678 possidere
1065 603 1199 676 semper,

162 686 371 781 praesumitur,
384 712 418 754 nr
435 683 582 794 probetur
600 682 684 776 qubd
697 678 861 774 incoeperit
876 677 1035 772 possidere
1051 701 1110 770 pro
1125 677 1200 754 alio

163 784 289 869 (2230);
316 797 346 851 et
359 805 469 876 quous
491 778 583 846 titulo
608 777 721 871 aliquis
750 774 842 844 alteri
865 772 1062 854 successerit,
1086 787 1190 865 potest

162 875 249 946 istius
263 877 486 972 possessionem
500 899 562 942 suae
572 871 758 968 possessioni
769 870 899 964 jungere
920 869 961 937 acl
976 865 1190 963 complendam

161 973 427 1068 praescriptionem
442 971 565 1055 (2235).

205 1066 270 1159 Qui
282 1067 411 1160 incoepit
448 1064 584 1133 ossidere
594 1088 653 1159 pro
664 1059 951 1156 alio‚pracsumitur
962 1079 1084 1150 semper
1093 1058 1192 1152 possi·

162 1161 237 1231 dere
249 1163 357 1232 eodem
370 1161 408 1228 tit
443 1159 524 1242 o‚ni
536 1158 724 1226 contrarium
738 1157 887 1252 probetur
897 1153 1022 1241 (2231).

202 1258 290 1328 Nota
306 1287 314 1324 ε
330 1255 407 1323 Alia
419 1254 620 1352 possessionis
638 1253 803 1347 privilegia
814 1266 900 1334 sunt,
983 1306 985 1310 .
1058 1322 1062 1334 ,

207 1359 239 1421 1⁰
253 1352 349 1442 Qubd
370 1353 403 1418 in
424 1349 519 1419 dubio
541 1349 652 1418 melior
674 1348 723 1418 sit
737 1346 873 1415 conditio
885 1347 1089 1441 possidentis;
1106 1343 1189 1438 quocl

163 1463 267 1517 tamen
277 1447 399 1516 axioma
412 1445 517 1514 multis
526 1448 607 1540 saepe
623 1447 761 1534 subjacet
775 1441 1029 1535 explicationibus
1042 1445 1191 1540 passima

163 1543 463 1640 uobisexponendis.
1171 1617 1178 1626 ⁸

207 1645 240 1703 2⁰
261 1639 357 1728 Quod
370 1663 433 1705 nou
450 1637 491 1705 sit
507 1635 693 1730 possidentis
707 1633 843 1729 probare
856 1659 924 1701 rem
940 1660 1006 1704 esse
1016 1660 1118 1717 suam,
1135 1634 1190 1703 secl

164 1734 369 1831 oppugnantis
379 1734 513 1829 probare
527 1732 727 1804 contrarium.
742 1729 819 1818 Qua
837 1730 962 1824 sequela
979 1731 1069 1800 multi
1082 1731 1190 1799 itidem

164 1833 268 1926 quoad
280 1831 383 1898 forum
397 1829 589 1896 eonscientiae
600 1827 685 1895 abuti
699 1841 840 1920 possunt.

204 1927 328 2020 Ilioque
339 1927 456 1993 dictum
469 1925 510 2001 sit
521 1951 578 2016 per
591 1941 787 1989 transennam
804 1925 990 1988 axiomatum
1001 1925 1191 2013 generalium

164 2022 277 2089 abusus
293 2044 361 2087 esse
374 2019 566 2109 frequentes,
581 2018 723 2108 saepeque
735 2037 771 2080 ca
780 2013 814 2078 in
823 2013 943 2082 casibus
952 2015 1191 2110 particularibus

165 2115 310 2186 deficere.
1004 2104 1007 2111 ’

197 2295 232 2361 (a)
244 2298 272 2346 ul
282 2297 319 2348 est
335 2297 408 2356 tells,
425 2293 455 2344 ot
464 2295 626 2356 probabiliter
641 2294 672 2343 ab
687 2306 718 2343 eo
732 2289 816 2344 contri
833 2305 908 2355 quem
925 2295 1079 2357 prescriptio
1099 2297 1190 2360 currit,

165 2368 276 2428 cognosci
292 2366 413 2427 potuerit,
421 2365 479 2425 quia
490 2365 563 2412 aliter
573 2377 627 2412 rem
635 2377 704 2415 suam
715 2365 851 2412 ,reclamare
868 2377 917 2412 non
928 2366 1055 2416 valuisset.
1066 2367 1129 2414 ilinc
1142 2381 1191 2424 norr

118 2433 121 2440 '
165 2436 333 2498 prescribitur
342 2433 477 2495 prohibitio
485 2433 512 2482 iu
523 2434 567 2482 tali
578 2433 653 2482 tundo
663 2433 799 2484 cuimodi
812 2431 821 2496 (
832 2431 896 2496 689)
909 2435 935 2482 el
945 2435 1040 2500 similes
1049 2436 1105 2484 alim
1115 2439 1192 2487 servi·
1297 2483 1299 2488 ,

164 2507 231 2556 tutes
241 2517 290 2554 non
299 2505 453 2564 apparentes.
462 2505 612 2552 DAEoooicr.
1152 2553 1156 2557 ,

195 2577 243 2626 Sed
253 2574 345 2624 suflicit
361 2573 390 2620 ut
408 2585 449 2620 res
459 2572 508 2621 sint
519 2573 722 2633 «insensibiles,
734 2572 759 2620 et
773 2573 838 2620 obex
855 2573 939 2621 nullus
955 2586 1040 2622 eorum
1050 2572 1191 2624 risibilitati

164 2647 317 2708 opponatur,
327 2637 362 2690 ita
372 2643 401 2690 ut
419 2643 611 2703 proprietarius,
622 2641 707 2690 habita
717 2644 828 2690 locorum
844 2643 956 2701 ratione,
966 2642 1076 2703 potuerit
1089 2643 1192 2690 alterius

165 2715 342 2776 possessiouem
350 2723 505 2770 cognoscere.
878 2706 880 2712 '
1114 2725 1117 2732 ¹

208 2778 232 2843 t)
248 2781 368 2826 llincnon
378 2773 437 2823 vere
446 2777 554 2836 possidet
563 2777 607 2837 qui
624 2777 759 2837 nequidem
774 2779 820 2826 scit
830 2779 971 2828 virtualiter
981 2792 1007 2828 se
1018 2780 1192 2840 possidere3ut

165 2850 272 2912 quirem
285 2847 391 2894 alienam
405 2845 471 2892 inter
481 2845 543 2892 bene
558 2858 602 2894 sua
614 2846 757 2894 collocatam
772 2847 913 2908 ignoranter
928 2848 1045 2909 possidet.
1057 2849 1144 2896 ltullus
1154 2851 1192 2898 est

165 2922 233 2970 euim
241 2921 300 2966 tunc
310 2917 407 2964 animm
420 2915 570 2976 possidendi.
1130 2963 1133 2968 ,

195 2993 301 3052 Excipe:
320 2989 341 3036 el
352 2990 437 3047 egetur
447 2988 479 3039 de
493 2989 645 3048 possessione
660 3002 715 3049 quae
726 2990 829 3038 vocatur
846 2989 999 3040 civilissima.
1014 2991 1071 3040 llaec
1086 2991 1192 3042 habetur

165 3061 241 3112 etlam
251 3061 281 3108 ab
292 3057 427 3106 lusciosis
438 3058 557 3118 parvulus
566 3058 734 3106 hereditatem
744 3059 873 3118 pateream
888 3060 1006 3119 possidet.

173 3163 175 3173 ι
195 3131 256 3179 Nota
267 3143 274 3176 ε
285 3128 338 3176 Art.
348 3126 409 3174 2252
418 3125 474 3174 cod.
487 3127 536 3178 civ.
546 3140 553 3174 ι
565 3143 579 3169 «
590 3127 636 3176 Les
646 3127 712 3174 actes
721 3128 752 3174 de
768 3140 828 3188 pure
848 3127 939 3176 laculte'
952 3129 977 3176 et
987 3141 1051 3176 ceux
1062 3127 1092 3176 ele
1103 3127 1191 3188 simplo

159 3215 181 3261 ¹o
190 3195 314 3248 tolerencc
331 3208 363 3243 ue
377 3196 488 3255 peuvent
498 3195 584 3242 ionder
594 3193 620 3242 ni
631 3196 768 3256 possession
778 3197 805 3242 ni
824 3196 995 3256 prescription.
1008 3214 1020 3238 n
1032 3197 1083 3244 Nou
1093 3196 1192 3244 videtur

165 3269 194 3318 in
203 3263 351 3316 conscicntia
369 3263 456 3322 juvare
469 3276 527 3312 eum
537 3264 580 3325 qul
590 3264 692 3312 credens
702 3264 808 3311 alterum
818 3264 910 3311 habere
919 3264 961 3322 J'us
974 3265 1005 3311 ad
1016 3277 1057 3313 eos
1067 3266 1151 3324 actus,
1161 3265 1192 3312 il·

165 3337 203 3386 los
213 3335 260 3396 ipsi
274 3337 349 3384 etiam
358 3347 385 3382 se
393 3333 435 3391 jus
451 3332 544 3382 habers
560 3332 685 3394 credenti,
694 3333 827 3394 permittit.
837 3334 905 3381 'l'unc
918 3335 985 3382 enim
995 3347 1044 3382 nou
1055 3336 1113 3382 sunt
1122 3336 1192 3384 acius

165 3400 235 3453 mer'e
247 3403 364 3462 tolerati,
381 3415 428 3451 uec
446 3402 554 3464 simplex
571 3402 675 3451 facultas
693 3401 1150 3466 arta,quamusu1esreputarcntur
1164 3403 1191 3453 in

166 3474 219 3523 toro
230 3473 342 3521 externo.

208 3641 242 3700 2⁰
258 3628 353 3697 Circa
362 3626 487 3698 titulum
499 3629 539 3696 ad
554 3629 816 3725 praescribendum
827 3629 1024 3724 requisitum.

206 3727 282 3804 405.
296 3723 422 3793 Titulus
434 3723 607 3820 multiplex.
711 3799 718 3814 ,
1059 3804 1063 3817 ‚
1149 3799 1154 3806 ,-

207 3819 301 3894 Alius
315 3845 423 3906 verus,
438 3835 469 3890 ct
479 3818 557 3892 alius
568 3820 721 3892 coloratis
732 3874 740 3907 ,
752 3821 807 3916 qui
821 3825 932 3915 nempi
950 3821 1030 3892 bona
1045 3821 1107 3891 lide
1125 3845 1189 3890 cre·
