2984 4666
284 293 356 392 elo
560 323 615 374 nu
639 317 776 374 onluo
798 317 1033 376 pameneae

323 409 367 478 Et
377 433 404 476 sa
394 405 504 502 plura
518 407 578 473 sint
592 422 664 475 vota
674 405 786 490 realia,
796 407 839 477 ad
854 431 937 499 quae,
949 407 1057 476 solutis
1069 405 1181 476 debitis
1193 431 1229 474 ex
1243 405 1302 526 jus⁸

285 504 366 585 titii,
380 527 443 572 nou
452 501 583 570 sufficiat
599 500 784 585 liaereditas,
799 503 1029 588 excellentiora,
1049 518 1094 588 ct,
1115 503 1194 572 inter
1217 507 1303 596 aeque

224 689 225 694 ἵ
285 556 464 669 excellentia
475 622 590 691 prius
600 622 712 665 emusa
724 591 922 692 adimplenda
931 612 1013 666 sunt

734 721 848 738 ψ

327 807 398 870 ²79·
424 777 476 847 De
496 793 636 872 tempore
654 777 841 872 impletionis
868 777 933 846 voti
954 704 1211 862 ratiocinandum
1225 778 1303 846 sieut

275 877 328 946 ἰιι
336 891 475 969 tempore
497 873 662 970 implendae
677 873 773 967 legis,
789 873 850 942 nisi
840 873 925 942 'alia
948 852 1043 942 fuerit
1056 876 1195 944 voventis
1208 875 1302 946 inteu

283 970 329 1037 tio
342 969 508 1055 [130](a).

289 1065 436 1134 Nota·
450 1061 541 1131 Voti
538 1063 695 1130 renovatio
711 1083 895 1130 novamnon
912 1051 1029 1150 inducit
1049 1063 1280 1156 obligationem.

324 1159 423 1230 Nece
434 1161 540 1226 contra
549 1157 720 1226 mortaliter
730 1173 837 1252 peccat
850 1183 903 1250 qur
893 1145 997 1226 dolet
1008 1159 1046 1227 de
1055 1160 1118 1226 voti
1130 1161 1302 1243 emissione,

283 1229 378 1361 modo
392 1279 471 1338 non,
488 1279 525 1320 ex
538 1277 626 1344 grava
616 1251 746 1320 acedia
753 1257 923 1346 ,tanquam
937 1255 1068 1322 debono
1080 1254 1209 1341 Delio).

282 1455 284 1461 ’
316 1437 351 1502 (a)
358 1433 387 1486 n
397 1438 495 1497 tempus
502 1447 550 1484 noo
558 1436 590 1484 ιιι
598 1436 739 1496 praefixam
750 1435 835 1484 dilatio
843 1436 968 1484 moraliter
975 1435 1082 1496 intelligi
1092 1436 1180 1498 (lebet,
1190 1438 1218 1486 ut
1228 1451 1303 1500 repu-

283 1510 352 1561 tetur
361 1507 543 1568 peccaminosa,
554 1505 611 1564 quia
621 1506 678 1552 talis
688 1507 726 1552 est
737 1505 841 1552 intentio
855 1501 975 1554 voveritis.

316 1571 460 1640 rmujuxtl
471 1575 601 1635 quosdam,
618 1577 696 1634 vota,
706 1588 760 1634 quae
778 1587 810 1622 ex
821 1575 937 1622 dilatione
943 1567 1045 1623 nullam
1060 1576 1188 1636 patiuntur
1198 1577 1302 1625 ‹liminu

285 1646 393 1704 tionem,
411 1643 461 1693 ut
453 1643 590 1712 jejunium,
606 1639 782 1722 peregrinatio,
802 1642 849 1690 eie.
853 1645 1052 1702 ,possunt,sine
1073 1647 1174 1704 peccalo
1190 1648 1303 1706 mortali,

285 1679 465 1775 quantumlibet
475 1706 581 1770 remitti,
591 1711 637 1758 uisi
649 1713 787 1770 perieulum
796 1675 967 1762 sitealomniuo
978 1713 1121 1772 omittendi,
1133 1716 1232 1772 propter
1242 1716 1303 1762 obli

286 1795 383 1830 vronem
391 1783 434 1830 aut
442 1783 543 1842 propter
552 1779 860 1838 aliquodrmpedrmentum
869 1778 994 1836 futurum
1006 1781 1151 1840 utsenium‚
1162 1784 1224 1830 etc.-
1217 1785 1303 1843 ,quia,

286 1852 415 1912 inquiunt,
424 1851 466 1911 qui
477 1849 519 1896 dat
528 1846 677 1906 totumquod
687 1846 816 1906 promisit,
822 1859 843 1893 sl
836 1846 969 1902 damnum
980 1859 1012 1893 ex
1022 1845 1088 1892 mori
1095 1850 1252 1907 promissorio
1263 1853 1302 1913 ad·

286 1917 487 1977 veniatnullum,
496 1915 650 1964 nonridetu'r
660 1915 748 1976 culpae
752 1916 832 1975 mavis
849 1915 1008 1986 damnandus
1020 1913 1123 1964 Aliunde
1134 1917 1190 1964 talis
1204 1915 1303 1968 videtur

287 1989 427 2036 voventium
439 1986 576 2034 intenlio.

317 2057 373 2104 llaec
383 2056 504 2104 sententia
515 2055 612 2102 videtur
627 2050 731 2102 Billuart
746 2055 892 2114 probabilis,
904 2053 929 2102 et
939 2045 1023 2102 multis
1033 2055 1163 2120 occurrens
1172 2058 1302 2117 scrupulis.

286 2125 376 2174 Saltem
385 2128 479 2173 certum
496 2124 533 2170 est
548 2123 664 2182 majorem
680 2126 739 2172 tunt
753 2119 797 2171 acl
801 2122 902 2172 rnortale
920 2125 1014 2184 requiri
1030 2123 1171 2172 dilationem
1187 2121 1261 2186 quim
1278 2129 1303 2173 ln

253 2242 255 2246 .
285 2197 350 2244 volis
359 2205 415 2255 quae
425 2194 614 2242 diminutionem
624 2203 656 2240 ex
669 2193 737 2241 morl
753 2195 894 2254 patiantur,
905 2195 956 2241 ιιι·
949 2207 975 2242 ιιι
986 2197 1042 2242 voto
1052 2195 1194 2254 ingredencli
1206 2197 1303 2256 religio-

286 2277 357 2322 nem3
369 2263 395 2310 et
405 2275 452 2310 non
462 2258 543 2308 statim
553 2263 583 2308 ad
595 2257 717 2310 iterandas
728 2263 892 2311 confessiones
906 2263 1035 2322 adigendos
1049 2275 1102 2310 esse
1112 2265 1156 2323 qui
1171 2275 1219 2311 non
1229 2277 1303 2327 parvo

288 2333 396 2389 tempore
406 2330 494 2376 talium
503 2329 613 2376 votorum
623 2326 796 2378 executionem
800 2327 969 2392 distulerunt,
980 2332 1093 2380 saltemsi
1101 2343 1150 2380 non
1157 2342 1190 2380 ex
1200 2333 1302 2382 intento.

286 2393 477 2445 corrsrderandus
487 2396 576 2455 gradus
583 2397 751 2456 negligentiae
764 2399 812 2445 etc.

318 2465 352 2526 (b)
361 2460 434 2528 luxti
444 2467 474 2511 D.
486 2466 564 2524 Dens,
576 2477 637 2524 opus
646 2465 702 2512 uoto
713 2467 888 2524 promissumi
873 2467 925 2514 fieri
938 2467 1012 2515 dehet
1022 2482 1054 2516 ex
1071 2469 1207 2518 intentione
1218 2470 1303 2516 sallem

288 2535 386 2582 virtuali
400 2535 426 2582 et
436 2531 556 2594 implicita
565 2537 621 2581 voto
630 2534 807 2593 satisfaciendi,
818 2537 876 2595 quia
884 2537 1010 2584 aliternou
1022 2539 1084 2586 esset
1101 2538 1234 2586 formaliter
1244 2538 1304 2596 opus

287 2605 352 2664 voli,
362 2616 443 2664 neque
457 2605 525 2652 aetus
535 2603 660 2662 refigionis
669 2603 694 2650 vi
706 2603 755 2683 voti
768 2600 839 2664 [ιι8,
851 2601 883 2665 e]
897 2617 904 2650 ι
917 2606 959 2664 qui
971 2607 1056 2652 modus
1067 2607 1214 2652 intrinsecus
1222 2606 1304 2650 tanreu

287 2755 336 2792 nou
346 2743 463 2792 satisfacit
476 2756 521 2804 per
531 2743 685 2793 donationem
695 2743 743 2790 nisi
755 2741 818 2804 [553
826 2742 851 2806 ]‚
862 2743 1052 2806 etc;,‹1ulanon
1062 2744 1120 2792 facit
1130 2757 1191 2804 opus
1203 2741 1305 2802 justitiae

287 2813 318 2862 ad
328 2813 392 2875 quod
402 2815 513 2873 tenetur,
524 2809 559 2862 ut
578 2813 705 2862 immemor
715 2813 766 2861 voti
778 2811 787 2875 t
797 2814 863 2874 quod
873 2815 910 2862 est
923 2814 996 2874 euasi
1007 2815 1122 2873 obligatio
1136 2813 1238 2872 justitiae
1249 2807 1305 2872 erga

288 2881 367 2932 Deum
377 2881 387 2944 l
398 2881 423 2932 el
433 2881 483 2933 non
496 2882 612 2952 satisfacit
622 2896 667 2946 per
677 2885 758 2932 acturo
769 2878 826 2946 ergit
842 2884 922 2932 Deum
932 2883 1093 2938 donatorium.

757 3047 839 3115 gui.-

664 3191 702 3239 De
717 3162 852 3240 cessatione
866 3188 930 3241 voti.

694 3315 865 3400 punctuli
880 3353 899 3399 l.

575 3490 612 3546 De
628 3495 762 3551 cessatione
774 3497 825 3546 ‘voti
836 3497 867 3545 ab
877 3499 1021 3550 intrinseco

333 3645 405 3710 280.
420 3637 499 3708 voa
508 3639 655 3733 obligatio
669 3655 766 3709 cessat
778 3641 841 3708 ab
832 3657 1014 3727 intrinseco,

271 3735 448 3832 Elapso
454 3753 596 3832 tempore
608 3737 649 3806 ad
659 3762 728 3808 eam
738 3739 898 3831 praefixo,

332 3831 408 3903 Non
420 3834 576 3902 verificatl
587 3833 760 3905 conditione
770 3849 842 3902 voto
854 3835 1009 3925 apposita,
