2984 4666
284 307 355 384 290
549 293 604 355 nr
621 293 777 354 renero
797 289 1031 354 ermenero

280 391 313 446 ad
322 385 428 441 madiam
437 386 549 449 noctem
559 390 767 452 subquocumqno
777 388 915 450 praetextu,
925 387 951 436 et
961 385 1076 435 fidelibus
1090 381 1242 452 trumentum
1259 379 1302 434 cni

280 461 350 512 aliud
358 459 461 522 quodvis
470 459 643 508 elaborandum
654 458 684 506 ad
694 459 797 506 molinas
808 458 834 505 et
843 457 927 506 vectes
940 456 1080 514 deducere,
1090 453 1132 504 vel
1150 453 1246 502 deterre
1259 457 1303 502 aut

280 527 339 580 indd
349 530 471 591 asportare
482 529 557 576 sacris
567 528 664 578 diebus.
682 527 730 576 Sed
745 526 848 587 peccant
866 523 1001 587 praesertim
1021 524 1064 586 qui
1081 523 1163 573 labore
1174 535 1261 584 magno
1272 523 1303 572 ad

280 611 356 662 aquas
365 595 519 647 deducendas
529 595 556 644 at
565 597 642 644 molas
652 595 801 644 exercendas
816 593 937 654 indigent.

310 669 371 716 itote
385 668 448 726 :Qui
459 679 504 727 per
514 665 575 713 alios
585 665 710 724 laborant,
720 676 765 724 per
778 676 804 712 sc
813 663 924 711 laborare
941 661 1081 722 censentur,
1092 655 1127 710 itt
1138 661 1167 709 nt
1183 661 1204 709 si
1215 661 1303 710 saltem

280 732 432 795 successive,
441 749 485 796 per
492 735 600 782 notabile
611 735 709 794 tempus
725 733 794 782 labor
803 732 855 790 liat,
867 729 926 781 licet
935 732 991 780 leva
1001 729 1061 792 quid
1076 724 1155 778 solim
1165 730 1255 790 singuli
1267 727 1303 776 ia-

281 805 362 865 ciant,
378 804 494 852 mandans
510 804 597 863 peccet
614 801 765 862 probabilius
782 800 927 848 mortaliter.
939 797 990 848 lmb
1005 811 1055 848 non
1065 795 1119 848 tutt
1129 799 1212 860 plures
1221 794 1303 846 eumd

257 909 260 918 .
280 873 349 933 gravi
360 873 491 930 excusant,
503 872 524 919 si
534 872 634 920 insimul
646 869 770 918 laboriiat.

311 937 525 1000 Carterquuanto
533 941 643 998 tempore
655 938 814 984 laborandum
824 937 856 984 sit
865 936 905 984 die
916 935 983 984 sacri
993 936 1021 984 ut
1028 935 1146 998 peccetur
1153 933 1304 984 mortaliter!

280 1006 433 1068 impossibile
443 1009 481 1055 est
499 1009 671 1056 determinare.
683 1007 803 1065 Quidam,
822 1006 866 1053 sed
876 1006 919 1066 qui
937 1007 1053 1054 videntur
1068 1006 1188 1065 laxiores,
1204 1007 1303 1054 tertiam

281 1076 325 1123 aut
335 1077 447 1136 quartam
455 1076 505 1124 diei
521 1078 617 1135 partem
629 1074 660 1122 ad
675 1075 720 1121 boc
731 1075 870 1134 requirunt.
889 1075 937 1121 Alii
948 1076 991 1135 qui
1010 1087 1056 1122 nec
1070 1075 1176 1122 laxiores
1187 1087 1233 1122 nec
1244 1076 1304 1135 rigi-

280 1143 362 1193 diores
372 1146 502 1203 babentur,
512 1144 571 1192 duas
582 1143 667 1202 boras3
677 1143 735 1203 quia
740 1143 838 1206 tempus
846 1143 928 1190 minus
940 1155 986 1190 non
997 1139 1102 1190 mult-dm
1111 1143 1201 1190 avertit
1211 1138 1225 1190 ia
1234 1145 1304 1192 cultu

281 1211 374 1262 divino.
385 1213 448 1271 niti,
470 1212 580 1269 ejusdem
598 1213 679 1270 notar,
698 1211 783 1258 boram
794 1223 868 1266 unam
884 1211 998 1259 sulficere
1016 1212 1117 1270 deurit,
1136 1209 1271 1271 prasertim
1282 1213 1302 1261 si

281 1281 351 1331 labor
359 1281 392 1330 sit
401 1276 506 1336 multum
517 1280 660 1340 defatigans.
671 1280 719 1326 Alii
728 1279 827 1327 tandem
838 1292 870 1326 ex
879 1279 965 1328 naturi
979 1281 1060 1341 operis
1069 1277 1254 1337 dijudicandum
1264 1281 1304 1329 di-

282 1351 355 1411 cunt,
365 1351 438 1411 prout
449 1350 485 1397 esi
495 1344 601 1396 multum
618 1349 660 1396 aut
675 1343 762 1410 parim
779 1349 928 1408 defatigans,
947 1349 1087 1409 adduntque
1106 1349 1198 1397 attendi
1213 1350 1303 1399 debers

281 1428 393 1478 causam,
404 1417 442 1478 ut,
452 1431 478 1466 v.
489 1429 523 1478 g,
537 1418 558 1466 si
568 1417 600 1465 sit
616 1417 698 1477 aliqua
707 1417 852 1482 necessitas,
864 1417 976 1478 quamtis
989 1430 1038 1465 non
1052 1415 1184 1466 euticiana.
1194 1419 1254 1467 Cum
1264 1419 1304 1468 bis

282 1483 335 1535 ieri
343 1487 485 1536 coincidunt
502 1487 545 1548 qui
556 1499 609 1535 rem
617 1484 711 1544 iudicio
719 1486 868 1547 prudentum
883 1485 1065 1547 derelinquunt.

312 1553 364 1606 iioc
372 1567 450 1604 unum
460 1555 542 1604 dicere
552 1567 616 1616 queo
627 1551 690 1615 sepe
699 1550 766 1604 certb
774 1553 906 1603 venialiter
916 1551 1025 1604 solimin
1032 1553 1184 1603 hiematorii
1194 1553 1302 1615 peccari,

282 1619 348 1685 saepd
357 1620 425 1673 certd
434 1624 584 1683 mortaliter,
593 1625 619 1672 et
627 1619 690 1685 sape
697 1617 771 1671 dubii
783 1623 932 1684 mortaliter,
941 1625 967 1671 et
975 1625 1034 1672 tunc
1044 1619 1147 1683 proindd
1156 1621 1235 1682 certlt3
1244 1624 1303 1684 quia

282 1694 326 1752 qul
335 1694 385 1753 agit
395 1693 421 1742 in
431 1692 506 1740 dubio
516 1693 546 1740 da
562 1693 674 1752 mortali,
685 1693 731 1739 boc
742 1693 795 1752 ipso
806 1692 868 1740 illud
877 1693 1022 1753 committit,
1032 1693 1119 1742 saltem
1130 1692 1150 1742 si
1160 1693 1250 1754 cogitet
1259 1693 1303 1741 aut

284 1762 389 1821 cogitare
402 1762 479 1823 possit
488 1762 514 1810 et
523 1762 612 1812 debeat
621 1773 647 1812 se
658 1773 730 1822 agera
740 1761 768 1808 in
778 1759 863 1809 dubio.
1220 1756 1229 1763 “

736 1871 854 1885 -—

324 1922 521 2018 330.''Opera
530 1923 672 1994 liberalia
683 1925 731 2012 (a)
747 1949 804 2019 por
817 1950 861 2008 sc,
877 1915 987 2018 diebus
1002 1927 1109 2010 sacris,
1124 1951 1185 1996 non
1197 1923 1304 2021 prohi-

283 2018 409 2088 hentur.
621 2067 629 2078 «
1045 2033 1063 2092 'i

325 2115 391 2184 Sed
402 2141 438 2184 ex
450 2140 518 2208 cap.
536 2142 565 2198 1,
580 2113 619 2182 de
633 2114 719 2182 feriis
730 2113 932 2208 prohibentur

327 2215 359 2271 1⁰
376 2217 552 2290 Mereatur,
578 2208 612 2276 id
638 2225 683 2278 est
697 2209 841 2288 nundina
861 2214 928 2292 iiim
953 2205 1124 2292 solemnes,
1145 2212 1213 2278 tium
1233 2235 1302 2304 quae

282 2319 434 2372 mercatus
452 2319 597 2371 vocantur
612 2304 779 2388 (marcde's
792 2307 806 2390 )
820 2305 910 2387 [sta
923 2307 968 2390 b].
982 2306 1048 2373 lmd
1067 2321 1096 2374 et
1106 2306 1219 2399 privati
1233 2333 1303 2375 con·

282 2404 408 2466 tractui*
422 2399 652 2481 venditionum,
679 2415 753 2482 etc,
782 2405 954 2493 praesertim
973 2401 1000 2470 si
1024 2401 1148 2494 public'e
1174 2417 1204 2471 ct
1232 2429 1302 2472 cunr

283 2492 476 2582 solemnitate
498 2495 583 2562 fiant.
600 2495 664 2564 Sed
678 2495 761 2562 circa
785 2495 851 2574 haec
872 2497 977 2565 omnia
998 2498 1151 2566 contraria
1172 2499 1303 2569 existere

282 2603 384 2684 potest
394 2590 580 2659 consuetudo
593 2590 731 2682 legitima
745 2593 804 2676 (b).

326 2689 359 2750 2⁰
368 2685 541 2767 Placitum,
558 2713 612 2757 scu
622 2685 691 2756 lites
706 2702 736 2755 ct
750 2711 848 2755 causae
859 2710 927 2779 quae
939 2712 1010 2754 cum
1020 2688 1149 2782 strepitu
1160 2686 1298 2778 judiciali

283 2779 449 2871 agitantur.
1004 2867 1007 2873 ¹

324 2876 367 2944 Et
380 2877 431 2943 hic
442 2875 481 2945 de
498 2878 648 2968 gravitate
659 2875 755 2971 culpae
768 2902 831 2945 non
844 2879 908 2945 iim
923 2905 960 2946 ex
974 2878 1173 2947 diuturnitate
1185 2894 1301 2972 tempo-

282 2971 327 3040 ris
340 2976 433 3062 qudm
447 2997 483 3040 ex
494 2973 705 3063 magnitudine
714 2999 813 3043 causae
825 2973 875 3042 vel
889 2973 1071 3068 prolationis
1085 2975 1242 3044 sententiae
1256 2977 1303 3066 ju·

283 3064 463 3134 dicandum.

323 3164 358 3228 3⁰
371 3159 531 3228 ,Iudicium
543 3159 584 3229 ad
597 3177 729 3230 mortem
739 3177 790 3230 aut
803 3161 898 3234 aliam
914 3189 1052 3260 poenam,
1067 3163 1116 3233 vel
1129 3162 1222 3231 ctiam
1234 3185 1301 3230 sen·

283 3254 379 3323 tentia
398 3255 565 3348 semiplena
576 3283 630 3325 seu
644 3257 887 3330 interlocutoria.

322 3353 540 3430 4⁰·Proestatio
547 3354 733 3443 juramenti,
749 3353 858 3423 saltem
871 3356 903 3420 in
917 3353 1033 3439 judicio
1047 3353 1105 3440 (c).

322 3444 421 3515 Sectis
430 3446 457 3514 si
471 3445 503 3512 in
516 3449 708 3541 professione
718 3449 791 3518 idei
804 3465 856 3518 aut
870 3448 904 3515 in
918 3447 979 3516 alie
988 3447 1244 3544 caercmonidpii.

312 3635 520 3720 (alliisputantan
528 3641 683 3708 transcripiio
690 3643 789 3692 iactaab
798 3642 941 3724 amanuensi
948 3641 1088 3692 autiamulo
1096 3643 1128 3692 sit
1137 3639 1301 3718 opusservile3

280 3705 1302 3838 ittiillast„irreverentibusrenitescere

282 3841 365 3903 cendi,
377 3844 520 3904 magnidici
532 3849 611 3908 parte,
628 3847 655 3894 in
668 3847 856 3895 transcribendis
870 3850 949 3910 actis,
958 3851 1126 3914 compotibus,
1137 3843 1303 3908 processibus,
