2984 4666
478 359 482 368 ·
577 315 815 412 usenroon

575 521 781 578 surreptus
798 529 819 575 1.

581 685 816 750 Daodioproximt

230 849 301 930 ²47·
317 842 431 912 Onmu
443 842 578 937 proximi
567 841 672 910 aliud
684 857 729 911 est
742 841 913 910 inimicitiae
924 868 986 936 quo
996 844 1132 937 proximi
1143 869 1215 938 per·

187 964 260 1006 sona
275 938 346 1006 odio
358 937 490 1007 habetur
498 937 657 1034 ,optando
668 939 752 1032 quod
765 963 793 1006 er
784 938 903 1020 male,
918 937 969 1007 vel
980 939 1113 1006 dolendo
1128 941 1212 1039 qqdd

186 1059 215 1100 er
206 1033 307 1101 bene
323 1032 373 1100 sit.

224 1127 324 1196 Aliud
338 1127 594 1210 abominationis,
614 1152 677 1220 quo
692 1151 858 1220 personam
871 1125 1006 1222 proximi
1017 1152 1211 1212 aversamur,

185 1237 218 1289 ut
231 1222 321 1292 nohis
336 1238 387 1290 aut
398 1219 650 1290 nostrismalam.
660 1222 914 1316 Hocqueiterdm
925 1223 1057 1317 duplex,
1073 1223 1208 1292 seilicet:

226 1313 383 1386 Odium
373 1315 472 1409 ipsius
501 1340 659 1408 porsonae,
685 1341 746 1423 quo
770 1317 946 1409 proximum
970 1317 1138 1385 secundum
1158 1345 1211 1403 se,

185 1416 335 1502 quantum
351 1410 392 1477 ad
406 1425 549 1478 naturam
563 1424 615 1476 aut
628 1409 779 1548 gratiam,
794 1410 880 1478 velut
893 1411 1010 1478 malum
1024 1411 1212 1508 displicens,

185 1531 382 1585 aversamur3

225 1599 270 1670 Et
285 1600 391 1668 odium
412 1599 587 1719 qualitatis,
615 1625 677 1693 quo
700 1625 863 1694 personam
877 1602 1013 1696 proxima
1001 1601 1084 1672 sul>
1108 1603 1212 1699 aliqud

186 1695 352 1798 qualitate,
367 1696 418 1765 vel
431 1697 532 1792 potitis
546 1698 751 1791 qualitatem
742 1713 843 1792 ipsam
857 1698 930 1766 odio
944 1687 1105 1769 hahemus.

226 1791 311 1860 Hinc
328 1791 392 1861 odii
412 1815 482 1862 reus
496 1809 618 1863 nonest
635 1819 689 1886 qur
680 1793 820 1862 malum
833 1795 976 1889 proximo
995 1811 1080 1914 optat
1100 1811 1152 1866 aut
1171 1797 1212 1865 de

186 1913 223 1955 eo
236 1888 364 1978 gaudet,
379 1913 441 1956 non
454 1905 546 1982 prout
559 1888 714 1958 malum
687 1915 753 1978 eJus
766 1905 830 1972 est,
847 1891 902 1958 sed
912 1906 945 1957 ut
958 1890 1058 1978 juste,
1075 1891 1115 1956 ob
1129 1917 1211 1958 com

184 2008 293 2066 mune,
308 1984 421 2062 uonob
435 1983 589 2094 privatum
598 1985 715 2051 bonum
725 1985 888 2076 puniatur,
905 2001 939 2050 ut
952 2009 1016 2051 non
1027 2000 1136 2052 noceat
1149 1985 1211 2053 Ec·

188 2076 352 2148 clesiaeaut
366 2077 564 2176 reipublicae;
580 2093 615 2146 ut
629 2078 821 2168 corrigatur,
838 2091 896 2144 ete.
919 2079 1010 2162 (a).

218 2267 255 2334 (u)
268 2264 396 2332 Nunquam
411 2270 494 2318 tamen
511 2265 692 2316 damnatIonom
709 2265 827 2315 aeternern
836 2265 897 2314 lieet
913 2264 998 2326 optare
1008 2277 1042 2314 ex
1054 2277 1210 2327 quocumque

187 2339 456 2398 memoratisque
470 2339 508 2385 ut
513 2337 568 2397 quis
583 2335 683 2396 peccet,
693 2335 752 2396 quia
765 2335 812 2385 hoo
828 2334 866 2382 ost
880 2334 1028 2394 simpliciter
1040 2336 1149 2415 matum,
1161 2335 1211 2384 uisi

187 2405 250 2459 torte
260 2409 412 2458 desideretur
422 2407 451 2454 ut
460 2405 656 2466 Desupermrttat
665 2404 777 2453 eumlaiu
787 2403 939 2452 uthumrlror
949 2405 975 2454 et
985 2381 1080 2452 cautior
1089 2405 1209 2466 resurgat
1273 2429 1276 2433 ·

187 2481 286 2542 syrum
296 2469 506 2528 Sedhoonouita
522 2475 629 2562 certum.
716 2523 718 2526 .

230 2646 300 2725 248.
316 2641 469 2713 Odium
459 2639 629 2709 rnimicitiae
642 2641 802 2733 peccatum
815 2638 948 2709 mortale
970 2655 1017 2709 est
1030 2662 1076 2710 ex
1095 2663 1210 2732 genere

187 2765 261 2819 ιιιο,
278 2753 484 2842 augmentum
490 2759 660 2803 sumensex
674 2735 860 2826 quantitate,
876 2735 1037 2804 duratione
1045 2734 1209 2828 ,frequen-

187 2835 231 2902 tit
244 2847 384 2912 actuum,
400 2828 597 2937 speciemque
611 2843 731 2898 mutans
743 2855 780 2896 ex
793 2829 940 2922 qualitate
953 2855 1092 2925 personae
1101 2831 1209 2905 invise

187 2925 301 3000 etmali
315 2923 421 3018 optati.
505 2967 507 2972 ,

227 3022 410 3092 Generatim
424 3013 579 3126 loquendo
592 3016 723 3084 mortale
738 3017 777 3085 de
790 3016 873 3086 facto
888 3032 934 3088 est
944 3021 1095 3115 ,rprandd
1110 3015 1209 3090 ohari-

78 3125 81 3130 ’
186 3135 280 3190 tatem
293 3115 441 3198 destmit,
456 3112 563 3183 leve
538 3139 565 3181 ιι
578 3137 640 3180 non
654 3113 776 3180 evellat.

225 3213 314 3283 ldem
328 3170 492 3282 dicendum
503 3209 542 3279 de
555 3208 628 3278 odio
642 3206 896 3277 abominationis
886 3234 919 3275 ιιι
932 3208 1031 3302 ipsam
1044 3234 1210 3305 personam

187 3309 315 3377 cadente
325 3307 386 3394 (a).

226 3403 347 3470 Odium
364 3419 466 3472 autem
478 3401 624 3470 insolam
638 3399 818 3494 qualitatem
836 3363 967 3482 cadens,
987 3399 1105 3468 malum
1121 3414 1166 3468 est
1174 3399 1207 3467 si

185 3499 218 3566 in
230 3498 360 3578 bonam,
376 3496 527 3567 bonrnnsi
539 3495 760 3590 inqualitatem
769 3493 886 3568 malam
896 3495 998 3562 cadat.

216 3685 253 3752 (o)
264 3685 354 3736 Odium
362 3684 547 3734 abominationis
554 3684 592 3734 est
601 3682 656 3734 raro
666 3685 782 3744 mortaio;
793 3683 853 3744 quia
863 3679 972 3742 simplex
981 3679 1141 3743 displicentia
1150 3695 1207 3744 por·

184 3759 250 3804 etna
258 3756 361 3815 ereata,
371 3751 456 3802 multis
465 3751 604 3802 deiectihue
613 3753 730 3812 subjecte
741 3754 768 3801 ot
776 3751 877 3818 propter
888 3751 944 3799 ilios
955 3751 1056 3812 invisa,
1076 3753 1130 3800 sino
1147 3755 1205 3801 mati

186 3823 370 3884 imprecatione,
377 3834 426 3871 non
436 3820 534 3869 videtur
544 3821 611 3869 tauta
622 3823 782 3882 inordinatio,
787 3821 836 3868 nisi
846 3819 904 3867 tatio
913 3819 945 3868 sii
954 3821 982 3868 ut
990 3821 1045 3881 quis
1053 3823 1149 3868 recuset
1161 3836 1205 3872 ru·

185 3891 251 3942 uiam
261 3891 364 3956 petenti,
375 3891 416 3942 voi
426 3891 564 3968 murmuria
575 3891 702 3942 charitatis
710 3889 924 3959 eructuatum.
935 3893 1006 3942 urar.
