2984 4666
461 385 465 390 ἡ
570 285 816 365 »ΜὀΑιοᾱῐ.
901 315 906 324 ·
1141 286 1211 376 245

213 403 265 486 ἢ3ο
278 400 324 468 Ut
335 399 395 468 sint
412 397 553 466 absoluta
568 411 598 464 et
612 396 815 465 determinata
823 393 884 480 (dl.
1136 483 1138 488 Ι
1167 425 1168 428 ’

184 486 187 490 ’
229 493 336 562 Notae
354 503 529 560 remanente
541 493 620 558 veri¹
636 490 700 558 voti
716 488 866 558 reservati
886 481 1017 554 materid
1031 485 1209 566 erratione,

190 587 341 682 Episcopi
351 603 454 654 tamen
468 586 646 678 dispensare
668 599 798 677 possunt
814 577 1074 676 per'Epilreiam,
1088 581 1212 672 quando

190 680 229 747 ad
244 699 399 748 summum
412 679 595 748 Pontificem
606 697 747 746 recursus
762 692 809 744 est
819 672 1039 770 impossibilis,
1055 689 1107 740 aut
1120 672 1211 744 valde

190 773 420 858 difficilis,sive
444 773 484 840 ob
502 771 642 840 locorum
665 771 854 848 distantiam,
880 768 974 848 bella,
997 781 1211 862 paupertatem

191 868 327 936 voventis
354 869 484 960 quinon
510 882 613 959 potest
640 881 779 958 sumptus
804 865 920 944 facere,
942 862 969 931 si
993 861 1086 930 'simul
1108 861 1212 953 grauis
1270 877 1272 882 '

191 979 298 1056 urgeat
311 962 474 1031 necessitas
493 961 751 1054 dispensationem
773 957 960 1040 maturandi,
981 958 1021 1025 ob
1042 955 1213 1050 periculum

190 1057 318 1150 pcccati,
334 1055 482 1134 scandali,
500 1070 558 1134 etc:
577 1053 758 1146 Ervulgari
771 1053 853 1120 enirn
864 1051 1027 1132 axiomata,
1049 1074 1136 1120 casus
1159 1075 1214 1148 pa·

190 1149 268 1245 palis
278 1204 286 1232 ,
298 1148 530 1250 superveniente
543 1147 782 1240 impedimento,
792 1147 826 1214 lit
842 1143 1086 1240 episcopalis(e).
1199 1159 1202 1166 ⁴

231 1245 395 1312 Sedsicex
403 1241 537 1333 Epikei'a
547 1241 725 1332 dispensare
736 1237 1222 1336 nequeuntdelegatiQ),neque

186 1353 379 1430 ,commutare
395 1351 488 1404 etiam
502 1335 535 1401 in
547 1335 687 1425 jubilaeo.-

214 1530 258 1593 (ω)
269 1533 327 1579 Hae
337 1531 393 1580 rota
401 1573 403 1578 .
412 1530 570 1581 reservantur
579 1525 658 1578 acirim
667 1525 747 1591 quoad
763 1525 938 1592 substantiam,
947 1539 998 1580 non
1010 1523 1091 1593 quoad
1106 1528 1212 1582 tlroum·

192 1598 309 1658 stantiae,
319 1601 377 1660 quia
387 1600 442 1647 odia
452 1601 627 1662 restringenda.
640 1601 680 1648 Sic
691 1599 863 1652 communiter.

222 1665 257 1728 (t)
269 1667 309 1714 Sic
317 1669 488 1715 communiter.
502 1667 564 1726 Sed,
576 1667 633 1714 vide
644 1669 672 1714 N.
683 1667 723 1726 99,
734 1681 755 1714 c.
1112 1703 1116 1707 .
1132 1709 1135 1714 .

221 1733 318 1781 Addunt
328 1735 370 1781 alii
379 1729 470 1782 contri
478 1735 542 1782 alios
552 1747 604 1782 non
612 1735 731 1782 reservari
740 1734 796 1782 vota
807 1746 839 1781 ex
850 1733 905 1782 dolo
915 1733 941 1783 et
948 1734 1016 1784 metu
1027 1733 1103 1785 etiam
1111 1733 1162 1786 leri
1172 1732 1212 1784 ln·

188 1799 254 1861 juste
265 1803 377 1862 incusso3
389 1800 438 1850 imb
446 1815 491 1849 nec
502 1803 558 1850 vota
570 1803 703 1851 emissent
713 1797 792 1850 cotim
807 1803 853 1851 sub
864 1803 913 1850 levi
925 1804 1070 1865 obligatura.
1111 1813 1112 1816 ’

200 1876 204 1882 ’
222 1867 255 1932 (c)
264 1871 303 1928 Sic
314 1871 398 1918 votum
408 1871 519 1918 servandi
531 1865 677 1930 perpetuam
685 1871 867 1932 virginitatem,
878 1883 911 1919 ex
924 1872 1061 1920 intentione
1069 1871 1212 1921 voventium

189 1933 311 1988 ordinarie
323 1938 431 1990 continet
442 1939 526 1985 votum
538 1940 655 1987 castitatis
666 1939 795 1999 perlectae,
810 1940 857 1986 nisi
872 1953 963 1988 vovens
974 1953 1018 1999 per
1032 1941 1078 1986 hoc
1088 1941 1213 2001 intelligat

189 1999 268 2052 eotdrn
280 2005 451 2056 abstinentiam
461 2007 605 2066 perpetuam
616 2002 731 2066 inuptits
743 2003 791 2054 eta
801 2005 888 2067 copula
899 2006 1001 2064 illiciti,
1018 2009 1046 2054 ut
1055 2007 1109 2054 deri
1122 2009 1212 2068 potest.

190 2068 241 2118 lmb
252 2071 274 2118 si
284 2072 438 2120 intellexerit
448 2069 526 2122 solinu
537 2075 637 2121 claustri
648 2075 830 2132 integritatem,
838 2072 935 2134 perditi
945 2074 1099 2133 virginitate„
1110 2075 1214 2128 adnihil

134 2161 136 2164 ·
191 2140 296 2200 amplius
306 2140 331 2188 ri
339 2141 389 2188 voti
401 2141 539 2189 teneretur.
550 2143 661 2198 Bitluart,
673 2142 698 2188 ct
707 2137 805 2188 mortu.

223 2205 258 2270 (d)
267 2208 325 2266 Vel,
337 2205 501 2268 probabilius,
511 2209 537 2255 in
546 2207 656 2255 absoluta
665 2211 690 2256 et
700 2207 862 2256 determinata
871 2206 1012 2256 transierint
1018 2219 1063 2266 per
1069 2207 1215 2260 conditionis

191 2276 322 2334 eventum,
334 2277 481 2334 electionem
499 2277 575 2336 partia
587 2275 753 2334 disjunctivae,
764 2275 818 2334 vel,
835 2276 856 2322 st
873 2277 979 2336 poeualia
998 2277 1059 2336 siut,
1074 2279 1145 2338 culpa
1162 2279 1214 2338 iam

191 2347 224 2392 sit
234 2345 369 2392 commissa.
381 2346 450 2392 Multi
461 2347 559 2404 tamen,
572 2345 621 2393 (iol.
634 2345 694 2392 ind.
705 2343 798 2404 Bailly,
809 2345 836 2391 P.
848 2340 1022 2392 dnbatioritia
1033 2346 1118 2398 volunt
1128 2353 1214 2398 aanor

111 2457 114 2463 .
192 2413 250 2460 tunc
267 2416 399 2472 reservari,
419 2413 491 2472 quia,
502 2412 630 2473 inquiunt,
649 2412 753 2460 intentio
770 2413 883 2460 voventis
900 2413 1213 2473 immodulatur.

192 2479 240 2526 Sed
251 2481 296 2528 hoc
307 2495 354 2529 non
371 2483 475 2541 impedit
485 2481 545 2542 quin
555 2482 640 2529 votum
658 2480 794 2540 perlectum
805 2481 911 2528 evaserit
922 2483 947 2528 et
964 2481 1110 2529 absolutum.
1122 2483 1214 2533 Saltem

192 2547 308 2630 tutiorest
314 2551 423 2610 priorum
441 2545 634 2598 sententiarum
651 2561 701 2598 nou
712 2548 853 2610 desunt-qui
864 2549 893 2596 at
910 2551 1032 2599 reservata
1047 2549 1139 2600 babent
1150 2550 1214 2610 ‚tou

193 2617 456 2746 eodililiiiiiciltiriiiiiii
467 2689 569 2747 possunt
577 2687 664 2735 saltem
674 2663 823 2748 suspendere
834 2689 1016 2752 obligationem.
1037 2697 1047 2720 s

224 2749 266 2812 (f)
277 2753 360 2812 Neque
374 2754 401 2800 iu
416 2755 512 2803 casibus
521 2755 613 2803 dubiis.
622 2758 694 2802 Deru.

528 2920 808 2979 ounsrrnucum
822 2890 879 2973 ιιι(
896 2911 916 2999 J

450 3075 486 3124 De
497 3057 632 3126 cessatibue
641 3079 693 3126 voti
707 3091 752 3140 per
762 3083 985 3132 commutationem.

236 3232 307 3295 285.
318 3225 485 3296 Hanumns
496 3245 677 3321 potestatem
684 3233 732 3319 (a)
745 3235 942 3328 dispensandi
953 3236 985 3304 in
999 3228 1078 3307 votis
1087 3237 1214 3334 possunt

192 3323 212 3387 ὲ
228 3321 350 3391 fortiori
364 3349 410 3403 ca,
425 3325 482 3392 etsi
498 3328 562 3416 jaim
571 3326 701 3406 uiolata,
723 3324 1077 3417 commutare[1la=,e];.

233 3414 340 3481 Etiam
353 3419 454 3508 quoad
465 3444 600 3510 poenam,
615 3422 642 3488 si
660 3446 753 3515 quam
768 3449 881 3492 vovens
895 3425 957 3513 sibi
971 3425 1165 3520 imposuerit,
1185 3443 1215 3496 et
1315 3462 1319 3469 ·

192 3511 256 3599 jam
268 3507 456 3595 incurrerit,
467 3513 530 3581 nisi
542 3517 731 3586 commutans
757 3534 940 3609 patestatem
956 3519 1073 3588 lrabeat
1096 3523 1213 3588 tanturn

193 3602 289 3670 relate
303 3603 344 3670 ad
357 3604 492 3674 futurum
503 3641 512 3686 ;
797 3677 798 3682 ,

234 3697 277 3764 Et
300 3698 441 3790 quamvis
465 3718 546 3778 vota,
578 3704 674 3774 etiam
695 3715 862 3786 reservata,
876 3705 1064 3796 jamlucrint
1086 3709 1152 3778 aS.
1171 3707 1219 3780 P..

194 3807 378 3862 commutata
387 3843 397 3874 ,
406 3795 500 3862 modo
513 3819 575 3864 non
585 3797 616 3866 iu
630 3823 706 3891 opus
723 3814 923 3873 reservatum.
