2990 4672
329 367 396 420 100
700 366 753 418 DE
774 361 974 422 LEGIBUS.

367 477 437 518 121.
449 451 518 518 Lex
525 447 736 519 ecclesiastica
742 452 913 545 praecipere
924 465 1026 546 potest
1035 464 1120 518 actus
1132 450 1266 522 internos
1280 476 1352 521 erun

323 545 456 616 externis
471 545 677 616 essentialiter
692 554 871 638 conjunctos
884 601 893 632 ‚
908 575 941 616 v.
954 573 986 638 g.
997 599 1005 632 ,
1016 546 1210 616 devotionem
1219 548 1254 616 in
1266 550 1352 618 audi·

297 640 596 727 tionemissaebz).
1219 715 1221 722 ¹

362 736 407 806 Et
420 737 453 804 id
467 751 567 829 potest
590 735 740 804 indirecte
753 735 803 804 lex
824 736 939 818 civilis,
956 765 987 806 v.
1004 761 1037 828 g.
1054 750 1112 821 ‚ut
1132 737 1166 804 in
1184 737 1351 826 juramenti

321 833 518 928 praestatione
531 833 681 900 habeatur
690 833 820 900 intentio
834 833 972 923 jurandi.

363 927 428 996 Sed
441 953 504 996 non
516 943 618 1021 potest
644 928 761 996 directe
776 982 784 1010 ,
800 929 875 1022 quia
889 945 976 996 actus
990 928 1105 996 interni
1120 953 1183 995 non
1203 943 1274 998 sunt
1291 954 1352 1000 ne-

323 1023 449 1094 cessarii
463 1023 505 1092 ad
515 1023 740 1116 assequendum
754 1024 847 1094 linem
860 1023 938 1115 legis
948 1023 1145 1117 temporalis.
1200 1017 1204 1023 ¹

352 1212 390 1278 (a)
400 1210 554 1263 notariam
570 1215 659 1263 docent
668 1215 802 1264 ecetesiam
810 1215 998 1277 maecrpenaut
1008 1216 1139 1278 patrone
1150 1225 1220 1276 posse
1234 1215 1303 1264 actus
1313 1215 1352 1264 n·
1388 1209 1394 1218 “
1465 1191 1473 1204 ’

320 1285 404 1346 ternos
416 1298 473 1332 cum
483 1285 593 1332 externis
603 1298 648 1346 per
659 1286 773 1333 accidens
782 1281 860 1333 solim
871 1284 1022 1345 coniunctos,
1032 1300 1056 1335 v.
1066 1299 1100 1345 ς..
1110 1286 1140 1333 ut
1150 1287 1181 1333 ob
1189 1286 1265 1334 talem
1275 1285 1351 1334 finem

320 1355 394 1403 missa
410 1355 534 1402 audiatur.

351 1423 399 1471 iiiii
410 1423 477 1470 idem
488 1434 537 1469 non
546 1421 743 1481 improbabiliter
757 1421 843 1470 dicunt
853 1421 884 1469 de
895 1422 991 1470 actibus
1000 1417 1062 1483 pura
1073 1421 1190 1481 internis,
1200 1421 1244 1470 sed
1258 1421 1351 1471 solum·

319 1488 391 1540 modb
400 1492 472 1552 prout
482 1492 524 1538 lex
535 1491 572 1538 est
580 1491 699 1539 directiva
710 1491 876 1538 etcoercitiva
883 1524 891 1549 ‚
905 1504 955 1538 non
963 1492 1036 1550 prout
1047 1492 1084 1550 est
1099 1492 1216 1538 coactiva.

296 1575 299 1581 ·
351 1557 402 1608 Inrb
411 1562 468 1607 sunt
478 1560 520 1619 qui
532 1559 620 1618 putant
630 1571 700 1618 posse
712 1560 846 1606 Ecclesiam
857 1561 927 1607 actus
938 1556 999 1619 pure
1011 1560 1119 1608 internos
1130 1560 1158 1606 ut
1169 1559 1282 1609 haeresim
1291 1557 1351 1606 nul-

319 1623 416 1676 iatenbs
425 1627 614 1684 manifestatam,
620 1627 709 1685 punire
717 1624 791 1688 poenal
801 1627 853 1688 ipso
863 1626 1082 1690 iactojncurrendi
1091 1629 1116 1675 et
1124 1623 1139 1675 l
1147 1629 1198 1675 Deo
1207 1624 1349 1688 infligendi.

319 1697 444 1757 Quidquid
455 1696 500 1754 sit,
511 1695 538 1741 id
548 1707 597 1741 non
608 1695 677 1743 facit.
1270 1755 1272 1760 Ι

349 1767 410 1814 Nota
422 1779 428 1810 ε
439 1763 511 1822 iuxta
521 1765 548 1809 P.
565 1763 663 1809 Gabriel
673 1763 739 1821 Ant,
750 1762 794 1809 lex
809 1762 880 1822 ponit
889 1767 943 1809 rem
960 1764 1109 1823 praeoptem
1126 1763 1154 1810 in
1166 1763 1195 1812 et
1211 1764 1303 1822 virtute
1314 1776 1349 1812 ex

321 1833 392 1891 cuius
402 1833 507 1891 motivo,
518 1832 593 1880 etiam
605 1831 922 1890 extrinsecotpraecipitur.
934 1827 1003 1878 Unde
1015 1833 1052 1879 est
1061 1829 1145 1879 contri
1159 1833 1278 1880 virtutem
1288 1833 1350 1880 reli-

320 1902 399 1961 gionis
409 1913 507 1948 sumere
522 1901 605 1959 cibum
625 1901 681 1947 ante
700 1900 906 1947 communionem.
927 1900 952 1946 si
964 1900 1047 1946 autern
1057 1901 1160 1948 lernen
1174 1901 1240 1949 dicat
1258 1913 1290 1948 ex
1299 1913 1349 1961 quo

297 1983 300 1988 ·
319 1973 412 2020 motivo
421 1969 549 2031 precipiat
563 1982 629 2028 rem,
640 1968 815 2016 noncensetur
824 1981 878 2016 eam
887 1969 1094 2028 praeeipere‚nisi
1103 1983 1136 2018 ex
1151 1981 1194 2018 suo
1205 1971 1298 2019 motivo
1309 1971 1350 2019 in-

320 2042 438 2098 trinseco,
454 2039 591 2097 jejunium,
602 2051 627 2086 v.
639 2049 673 2096 g„
685 2049 716 2084 er
727 2037 820 2085 motivo
835 2038 1017 2098 temperantia.
1030 2035 1098 2086 Unde
1109 2039 1349 2100 quingentorum,

320 2122 369 2156 non
379 2109 484 2168 simplex
495 2107 814 2167 inobedientiapeccatum
823 2106 867 2155 sed
875 2107 1005 2168 peccatum
1013 2108 1145 2157 committit
1150 2109 1257 2169 speciale
1264 2104 1349 2158 contri

320 2172 461 2226 virtutensi
471 2177 525 2235 lege
535 2176 664 2240 intentam.
675 2175 740 2222 Hinc
749 2187 798 2222 non
809 2175 933 2222 sufficeret
941 2175 1023 2224 dicere
1032 2177 1059 2223 in
1068 2175 1220 2227 confessione
1228 2191 1236 2226 ε
1245 2177 1348 2240 peccati

320 2244 428 2304 graviter
438 2239 521 2291 contr'a
534 2244 615 2302 legem
623 2243 751 2301 Ecclesiae}
763 2243 806 2289 sed
814 2244 857 2291 lex
870 2243 914 2292 illa
925 2244 962 2294 est
972 2245 1145 2307 specificanda.

350 2313 418 2362 Idem
428 2312 508 2363 dicte
518 2311 650 2374 praeceptis
667 2311 869 2373 particularibus.

806 2470 871 2542 sn.

366 2659 434 2704 ιω.
450 2633 538 2728 Lege
551 2646 694 2703 tenentur
708 2657 814 2703 omnes
829 2648 859 2702 et
877 2631 935 2703 soli
951 2629 1123 2725 legislatori
1136 2631 1268 2720 subditi,
1283 2659 1346 2704 non

321 2732 470 2826 exempti,
489 2757 548 2827 pro
559 2731 671 2826 quibus
683 2731 734 2800 lex
743 2731 858 2799 fertur.
952 2813 957 2820 ,

360 2829 451 2914 Nisi,
465 2844 500 2896 ut
511 2827 601 2924 pueri
621 2842 673 2896 aut
694 2829 846 2922 perpetuo
862 2837 1014 2906 amentem
1032 2847 1091 2892 usu
1104 2876 1113 2907 ,
1128 2821 1239 2893 saltem
1248 2822 1347 2892 babi-

318 2924 411 3005 tuali,
428 2925 556 2993 rationis
575 2940 698 2992 careant
711 2925 772 3010 (a).
789 2922 835 2989 Hi
850 2921 932 2990 enim
946 2919 1114 3014 nequidem
1130 2919 1200 3013 lege
1211 2919 1345 2990 naturali

319 3017 470 3107 ligantur,
482 3019 590 3086 saltem
606 3019 742 3110 perfecte
757 3033 788 3084 et
797 3017 830 3083 in
844 3033 915 3084 actu
928 3016 1076 3084 secundo.

360 3110 445 3178 Hinc
461 3118 492 3176 1⁰
515 3110 635 3200 legibus
651 3107 807 3178 Ecclesiae
831 3111 959 3178 obedire
985 3123 1127 3176 tenentur
1150 3107 1289 3176 baeretici
1314 3127 1345 3178 et

318 3220 485 3298 apostatae,
510 3205 635 3298 quando
663 3205 704 3270 ad
731 3205 814 3294 ipsos
834 3215 995 3295 spectant,
1017 3201 1092 3293 quia
1110 3225 1167 3293 per
1188 3203 1345 3298 baptisma

318 3299 395 3368 facti
404 3315 475 3367 sunt
489 3298 640 3367 Ecclesiae
650 3297 708 3365 filii
720 3300 779 3383 (b).

360 3393 445 3462 Hinc
465 3402 517 3480 2⁰,
534 3393 659 3463 seclusis
682 3407 879 3486 contemptu,
906 3389 1051 3460 scandalo
1075 3406 1105 3460 et
1126 3393 1345 3463 consuetudine

319 3484 473 3568 contrarii
482 3543 491 3575 ,
501 3515 564 3558 non
574 3506 702 3580 peccant
714 3490 768 3584 qui
781 3512 894 3584 pueros
907 3513 996 3556 usum
1010 3487 1138 3556 rationis
1158 3515 1221 3558 non
1240 3491 1345 3584 adep-

288 3655 291 3662 *
318 3603 385 3670 tos,
401 3601 454 3655 aut
475 3580 625 3682 Perpetub
636 3601 790 3669 amentes,
807 3584 957 3653 inducunt
970 3583 1011 3652 ad
1025 3608 1062 3654 ea
1075 3601 1228 3679 quaesunt
1243 3585 1343 3653 soldm

320 3687 427 3752 contrat
443 3682 546 3774 legem
559 3681 743 3776 positivam,
756 3696 885 3776 excepto
897 3695 1002 3749 tamem
1011 3679 1119 3750 labore
1132 3681 1242 3750 diebus
1255 3678 1342 3748 sestis

319 3779 436 3847 vetito:
451 3792 524 3846 tunc
535 3777 617 3846 enim
630 3803 687 3872 per
697 3777 781 3870 ipsos
794 3777 937 3845 laborare
952 3791 1148 3846 censerentur
1159 3775 1217 3858 (r).

363 3873 428 3943 Sed
439 3875 564 3972 eosdem
583 3899 646 3945 non
658 3873 766 3945 liceret
789 3873 937 3946 inducere
952 3873 993 3944 ad
1014 3898 1050 3944 ea
1063 3883 1214 3965 quaesunt
1236 3873 1340 3954 contrt
