2990 4672
336 493 339 502 f
455 435 901 534 ,inconsentiens
1103 429 1210 538 Διβ

183 537 438 644 s'e'cundbpriniis
449 603 457 632 ,
469 549 608 643 quamdi
622 551 656 620 in
666 550 717 620 his
729 549 914 622 deliberatio
928 547 1083 621 sufficiens
1093 574 1155 620 non
1168 551 1208 622 sit

182 647 223 716 ad
236 661 398 744 peccatum
410 646 555 716 mortale.
804 685 806 693 =
946 679 948 684 ·
1003 673 1010 710 ,·

569 827 778 878 PRINCIPIUM
790 828 821 879 V.
924 825 927 828 ¹

202 1014 205 1022 ·
228 991 297 1056 268.
316 983 392 1058 Nor
413 985 487 1076 licet
500 1007 594 1075 agere
608 983 777 1051 secundnm
795 982 1013 1052 conscientiam
1026 984 1114 1077 arqui
1153 1007 1209 1051 ro·

182 1080 337 1168 babilem,
356 1097 409 1152 aut
445 1081 515 1150 aulo
529 1079 630 1148 solum
653 1079 921 1174 probabiliorem·;
950 1080 1005 1150 sed
1019 1093 1091 1148 tunc
1106 1009 1208 1162 adlatis

181 1203 253 1272 pars
264 1195 330 1248 tuta
343 1193 389 1248 est
404 1109 567 1268 eligenda,
595 1174 670 1267 quia
693 1175 759 1244 sola
772 1173 840 1244 haec
854 1173 1059 1268 probabilitas,
1078 1198 1141 1245 non
1154 1173 1208 1244 dat

182 1274 398 1344 certitudinem
410 1271 563 1340 moralem
576 1271 616 1338 de
629 1268 788 1358 honestate
802 1269 944 1338 actionis.

561 1449 828 1500 rnrnorrtorrvt.
851 1437 853 1444 ’

227 1573 306 1694 169³ss
330 1601 537 1672 consenum
559 1599 736 1670 notabiliter
751 1601 963 1696 probabilior,
992 1595 1025 1669 et
1040 1571 1206 1672 aionien
1290 1649 1304 1678 ,

182 1696 447 1792 probabilissima,
465 1713 531 1766 tuta
546 1713 591 1766 est
605 1697 712 1790 regula
727 1723 873 1786 ntorum3
892 1696 966 1790 quia
979 1695 1034 1772 dat
1049 1695 1209 1792 certitudi-

181 1791 447 1955 ”iii-,mmlem'
477 1819 546 1886 quae
556 1793 757 1862 formidinem
782 1794 906 1866 errandi
929 1789 1145 1862 rationabilem
1159 1818 1209 1866 cx·

181 1915 230 1956 cu
253 1915 288 1958 1.
312 1915 318 1922 ·
592 1947 595 1954 ,
771 1951 775 1956 ,
1161 1921 1166 1928 .

221 1979 306 2050 Hinc
320 1987 351 2048 1⁰
364 1981 436 2050 licet
450 1980 538 2077 sequi
549 1980 582 2046 in
595 1979 685 2074 praxi
694 1959 871 2072 opinionem
880 1981 969 2048 unici
981 1996 1012 2052 et
1025 1981 1124 2050 sotidt
1138 1973 1214 2074 pro*-¹

181 2075 337 2158 babilam,
365 2081 498 2146 seorsim
512 2073 754 2158 consideratam,
778 2073 805 2144 si
825 2073 904 2142 nihil
919 2083 1067 2170 appareat
1081 2091 1208 2157 contra*

180 2172 273 2241 ritnn.
295 2201 312 2230 «
322 2171 365 2239 'ln
374 2171 494 2240 actibus
504 2169 666 2252 humanis,
681 2169 783 2262 inquit
795 2170 840 2238 Ι).
860 2169 1077 2252 Thomas....,
1093 2169 1208 2256 sufficit

183 2297 198 2325 κ
213 2263 387 2363 probabilis
400 2265 569 2356 certitudo,
588 2289 657 2358 quae
676 2264 709 2333 in
721 2263 863 2360 pluribus
877 2263 1041 2334 veritatem
1054 2263 1184 2358 attingat
1197 2317 1206 2348 ,

182 2392 199 2420 ι·
213 2361 273 2430 etsi
284 2362 318 2430 in
327 2363 524 2456 paucioribus
535 2361 672 2454 deficiat.
691 2389 708 2418 »

220 2456 306 2548 Hinc
319 2463 352 2544 aff
368 2457 442 2526 licet
455 2457 543 2552 sequi
558 2456 735 2552 opinionem
748 2456 849 2527 multis
858 2454 1102 2552 probabiliorem
1115 2472 1206 2550 eppo·

179 2551 258 2636 sita,
281 2551 355 2646 quia
369 2569 507 2634 remanet
520 2578 633 2646 magna
646 2553 851 2648 probabilitas
863 2553 926 2638 (a)
1150 2613 1152 2620 .

218 2649 281 2718 Ast
292 2647 362 2717 banc
374 2648 588 2740 intelliguntur
601 2651 703 2718 soldm
720 2651 845 2744 quando
859 2648 961 2741 agitur
976 2647 1016 2715 de
1029 2645 1134 2730 licito,
1152 2670 1207 2715 seu
1226 2707 1229 2712 .

178 2771 218 2812 arr
232 2769 282 2814 res
294 2743 387 2814 liceat
399 2771 511 2814 necne.
538 2745 579 2824 Si
589 2745 671 2813 enim
685 2747 802 2834 directi
826 2763 935 2838 agatur
950 2744 990 2814 de
1003 2743 1125 2826 ¹valido,
1152 2766 1207 2834 sen

178 2839 219 2906 de
239 2839 359 2907 actibus
381 2863 514 2929 quornm
527 2837 672 2908 validitas
684 2867 746 2908 non
758 2841 873 2935 pendet
891 2841 931 2910 ab
950 2837 1113 2933 opinione,
1142 2835 1206 2908 imit
1272 2907 1277 2917 ‚

177 2958 235 3002 nec
250 2934 291 3001 ab
304 2931 480 3023 ignorantia
493 2931 683 3015 invincibili,
705 2950 735 3002 et
748 2936 932 3027 generaliter
947 2936 987 3004 de
1000 2933 1049 3004 his
1062 2933 1206 3002 omnibus

176 3027 211 3097 iu
236 3027 349 3122 quibus
378 3053 435 3096 nec
461 3029 561 3120 major
580 3029 803 3124 probabilitas,
831 3032 1009 3117 nec1etiam
1032 3029 1206 3124 ignorantia

175 3122 367 3194 invincibilis
395 3124 504 3214 juvant
538 3125 580 3193 ad
607 3124 810 3220 obtinendum
837 3127 931 3195 finem
955 3129 1055 3222 fquem
1084 3126 1205 3220 assequi

176 3235 336 3302 tenemur,
362 3220 512 3290 tutiorem
543 3237 666 3318 partem
693 3221 868 3315 eligendam
894 3221 1206 3294 dictatlconscientia

176 3315 312 3409 prudens
323 3315 372 3404 (9)
380 3369 389 3399 ,
398 3315 460 3386 nisi
474 3341 567 3406 casus,
576 3318 617 3394 ad
628 3315 748 3407 licitum
761 3317 876 3390 rollone
889 3315 1100 3404 convertatur,
1109 3346 1142 3388 v.
1154 3343 1202 3409 gs,

175 3409 237 3478 nisi
250 3411 332 3480 adsit
347 3411 662 3504 necessitas[9r,o].
935 3427 940 3434 ’

217 3504 305 3575 Nota
330 3535 340 3574 r
369 3505 585 3584 Confessarius
605 3507 767 3577 absolvere
786 3523 888 3619 potest
906 3507 1106 3604 poenitentem
1124 3505 1215 3590 doce,

176 3617 260 3685 tum,
279 3616 310 3670 et
322 3605 343 3670 a
356 3602 480 3672 fortiori
491 3603 663 3673 doctiorem
676 3630 726 3688 se,
749 3629 805 3696 qur
819 3604 1000 3672 sententiam
1010 3600 1149 3692 sequitur
1159 3601 1203 3666 vi·

176 3721 243 3764 sam
257 3695 335 3781 sibi,
352 3697 444 3765 rebus
459 3697 539 3766 scrib
553 3700 733 3792 perpensis,
764 3715 794 3767 et
807 3697 876 3766 aliis
888 3723 951 3764 non
963 3697 1069 3790 paucis
1083 3696 1202 3791 proba-

175 3791 340 3876 biliorem,
365 3791 506 3885 quamvis
527 3794 714 3863 confessario
732 3794 835 3862 mimis
850 3791 1024 3888 probabilis
1049 3807 1080 3860 et
1099 3791 1201 3860 minus
1250 3805 1256 3815 '

176 3900 243 3954 tuta
256 3904 404 3982 appareat
417 3921 424 3968 ;
445 3887 519 3980 quia
531 3890 683 3980 poenitens
697 3891 755 3958 iste
770 3943 778 3972 ,
795 3890 822 3958 si
838 3889 938 3971 erret,
955 3913 1019 3956 non
1033 3903 1115 3958 errat
1130 3886 1200 3954 cul·
1297 3955 1303 3967 ,

177 3979 337 4069 patititur,
354 4009 411 4054 neo
425 3999 646 4075 consequenter
660 3984 850 4054 absolutione
868 3984 1012 4077 indignus
1028 4001 1074 4056 est
1088 4017 1096 4068 ς
1124 3983 1201 4076 quin
1232 4031 1235 4038 .
