2932 4658
455 349 458 356 .
563 302 804 360 nucauoer.
869 318 921 354 ·.
1125 291 1226 367 351.-

123 397 134 408 “
211 389 410 476 trencin
424 389 536 470 docent
549 393 764 476 communiter,
779 416 842 461 non
857 391 1023 464 admittunt
1042 393 1199 469 levitatem
1224 429 1229 437 ¹

169 490 334 570 materiae,
349 487 413 556 s'ive
428 487 502 581 quia
512 488 528 569 ‚¹
542 503 576 555 ut
589 487 680 555 multi
695 488 820 570 volunt,
835 485 913 557 levis
929 488 1021 556 etiarn
1035 491 1198 564 delectatio

174 610 306 654 venerea
317 583 448 654 includit
462 581 636 652 inchoatam
651 583 863 678 pollutionem,
879 583 943 652 sive
952 585 1025 677 quia
1039 593 1124 656 a'ctus
1134 615 1200 658 ma·
1215 607 1220 615 “

175 681 273 750 litiam
286 709 374 752 suam
394 680 488 749 sumit
500 683 519 746 ri
533 679 636 748 sormt
649 680 689 746 ad
703 704 796 772 quam
815 680 950 774 disponit
963 734 972 762 ‚
984 698 1085 750 motus
1105 687 1198 753 tter·
1235 705 1238 713 ⁴

172 777 270 846 mino.
286 777 364 847 Haec
380 791 479 844 autem
497 776 538 847 ad
552 773 752 870 pollutionem
764 791 817 842 aut
837 773 1031 844 concubitum
1045 779 1195 864 tendunt,

173 885 254 940 etex
269 875 377 941 naturt
391 873 446 940 suat
459 870 642 964 disponunt,
659 868 886 962 commotioque
899 895 992 962 quam
1004 873 1136 942 excitant
1151 890 1198 944 est

172 965 309 1052 ejusdem
323 966 451 1032 rationis
465 963 631 1043 aemonis,
648 963 706 1028 etsi
720 965 797 1031 levis
812 965 872 1043 sit;
892 965 957 1032 sive
974 967 1098 1034 tandem
1123 968 1197 1062 quia

169 1060 388 1128 difficillimum
402 1073 464 1148 est,
477 1073 507 1124 et
520 1057 680 1126 moraliter
701 1057 895 1152 impossibile
909 1061 945 1128 in'
953 1087 987 1129 re
997 1077 1062 1129 tam
1075 1061 1197 1132 lubrict

169 1155 377 1223 determinare
391 1152 554 1220 materiam
567 1153 685 1236 levem,
701 1169 733 1222 et
746 1155 855 1223 sistere
869 1155 903 1222 in
920 1159 1003 1224 certi
1020 1157 1196 1225 delectatio·

163 1249 214 1319 nis
229 1250 399 1345 parvitate,
412 1248 520 1342 siquae
535 1248 575 1317 sit
593 1248 661 1332 hic,
676 1265 712 1317 ut
722 1251 848 1342 gravior
859 1255 944 1320 certb
958 1249 1119 1320 moraliter
1131 1279 1195 1322 non

168 1369 208 1440 ap
231 1360 329 1412 etatrtr
344 1369 401 1430 nec
416 1344 610 1413 admittatur.
700 1430 702 1434 Ι

208 1371 251 1507 lit
264 1455 335 1506 sunt
347 1440 494 1507 mortales
503 1456 588 1507 actus
598 1437 761 1533 predicti,
777 1443 848 1508 cirm
857 1465 952 1532 grave
958 1441 1117 1508 involvunt
1127 1441 1194 1510 sive

167 1558 227 1628 pro
244 1557 300 1616 se,
315 1533 380 1602 sine
390 1560 448 1628 pro
463 1535 534 1602 aliis
546 1535 751 1628 quibuscum,
774 1551 827 1603 aut
848 1562 954 1603 coram
966 1537 1078 1629 quibus
1095 1535 1190 1616 fiunt,

166 1627 338 1722 periculum
359 1630 572 1724 complacendi
592 1631 626 1698 in
649 1629 962 1724 venereis‚quamvis
986 1631 1099 1698 horum
1112 1629 1194 1700 absit

166 1724 295 1793 affectus
317 1725 430 1793 omnis.
1143 1750 1146 1754 ·

206 1817 291 1888 Hinc
308 1820 495 1888 deducendae
519 1845 579 1913 pro
600 1818 731 1910 singulis
755 1818 957 1888 resolutiones
975 1817 1089 1904 nimis,
1104 1817 1189 1890 heu!
1264 1841 1268 1850 ‘

160 1913 325 2009 practice,
345 1941 413 2008 quae
423 1913 491 1982 baec
505 1911 659 2010 priircipia
669 1914 948 2008 clerilrsexponent
963 1915 1022 2000 (b).

197 2089 232 2155 (a)
242 2092 412 2152 impudicitia,
423 2091 505 2152 inquit
519 2093 550 2140 D.
560 2086 688 2152 ''ihomas‚
706 2093 814 2153 pertinet
832 2092 863 2139 ad
873 2091 990 2153 quosdam
1002 2093 1070 2141 actus
1084 2092 1193 2142 circum·

160 2161 258 2210 ¹etentes
268 2161 350 2209 actum
360 2174 509 2221 venereum,
523 2161 635 2222 quamvis
645 2174 694 2211 uon
707 2175 740 2210 ex
749 2159 887 2209 intentione
902 2159 1047 2210 concubitus
1057 2161 1100 2210 aut
1109 2162 1193 2222 politt-

165 2229 249 2277 tionis.

150 2329 153 2333 -
197 2295 232 2359 (b)
239 2297 287 2344 Seu
297 2297 354 2346 nota
364 2293 433 2358 pnite
442 2294 516 2358 sepe,
527 2297 554 2344 in
561 2296 648 2356 praxi,
658 2292 723 2346 ciret
738 2297 820 2345 omnia
830 2297 883 2345 haec
895 2308 948 2344 esse
960 2295 1076 2358 dubium,
1087 2309 1191 2359 praeser·
1261 2318 1265 2324 ·

144 2393 147 2403 s
164 2361 211 2412 tim
221 2363 278 2412 crim
287 2363 400 2425 voluptas
411 2367 481 2425 capta
499 2366 535 2413 cst
550 2367 674 2426 eructu,
690 2367 788 2426 osculo,
800 2365 936 2428 aspectuiu
951 2366 1061 2426 partibus
1071 2367 1190 2418 honestis.

164 2430 272 2482 Difficile
283 2434 351 2482 enim
360 2431 424 2494 saepe
434 2434 584 2494 dignoscitur
595 2447 625 2482 an
635 2447 741 2487 venerea
752 2435 828 2483 fuerit
838 2467 846 2494 ,
855 2435 896 2482 rel
911 2431 990 2482 solinu
1004 2435 1142 2496 sensibilis,
1152 2449 1191 2484 or-

104 2537 106 2540 -
164 2502 250 2562 μυῖαι
259 2504 302 2551 aut
311 2515 343 2550 ex
357 2501 466 2551 amicitie
477 2505 518 2552 vel
528 2503 688 2552 inclinatione
699 2501 766 2552 mere
778 2503 958 2565 naturali,qnie
966 2505 1116 2565 prenitentes
1125 2503 1191 2554 malt

162 2570 326 2636 intentionem
337 2585 406 2621 suam
421 2573 562 2633 exponunt,
574 2585 621 2620 nec
633 2573 708 2622 etiam
723 2573 870 2633 interrogati
882 2570 948 2622 recte
967 2574 1114 2632 respondere
1133 2587 1191 2632 pos-

163 2641 229 2689 sunt.
237 2641 348 2689 Personae
360 2641 434 2690 etiam
443 2642 489 2689 sibi
501 2642 645 2691 attentiores
656 2643 682 2690 et
693 2639 769 2702 magis
778 2644 850 2690 cultae
862 2642 977 2688 nesciunt
988 2641 1086 2700 quidde
1098 2641 1190 2689 talibus

163 2720 218 2767 mire
228 2709 440 2768 eibiacciderunt‚
451 2711 558 2758 debeant
568 2711 671 2772 sentire.
682 2711 730 2756 Sed
741 2710 768 2756 in
778 2710 854 2758 dubio
863 2706 943 2758 libert
959 2721 1047 2770 agere,
1057 2711 1190 2771 peccatum

162 2777 203 2824 est
216 2774 776 2838 eiusmvitatisdequttdubitatur[iit,d].
881 2837 884 2846 Ι
1248 2779 1260 2794 ·

542 2923 810 2990 ersonurronrs

373 3163 377 3173 ι
450 3082 519 3137 ticet
528 3087 715 3150 tactus,oscuia
725 3088 751 3138 et
761 3090 898 3152 ampiexus.

204 3251 278 3334 379.
293 3244 387 3314 Enoo
402 3259 501 3314 tactus
516 3244 548 3312 in
562 3245 715 3340 pudendis
730 3260 782 3313 aut
796 3245 905 3314 vicinis
919 3237 1081 3339 partibus]
1093 3245 1189 3314 alieni

165 3340 215 3424 (a)
230 3342 402 3449 praesertim
414 3339 571 3436 corporis,
587 3341 653 3409 sine
664 3343 761 3410 causi
776 3341 954 3410 rationabili
968 3339 1044 3425 sacti
1057 3357 1110 3408 aut
1124 3339 1186 3408 ad-

163 3435 252 3502 missr
265 3437 330 3521 (b),
356 3437 501 3504 mortales
516 3452 600 3516 sunt;
614 3435 689 3530 quia
708 3461 770 3504 non
783 3453 912 3530 possunt
927 3463 993 3506 esse
1008 3461 1072 3503 non
1082 3435 1188 3504 libidi-

109 3533 111 3537 ’
138 3535 141 3544 ’
162 3529 249 3612 nosi,
261 3545 292 3598 et
302 3529 376 3624 quia
390 3531 417 3598 si
430 3549 641 3626 suppourmtur
655 3559 718 3602 non
727 3531 899 3616 libidinosi,
915 3533 971 3601 sed
987 3558 1024 3600 ex
1035 3531 1122 3598 mere
1136 3555 1187 3596 cu·
1232 3587 1234 3594 .

163 3622 316 3708 riositate,
338 3649 434 3718 grave
452 3641 483 3693 et
502 3625 560 3720 pro
575 3643 719 3720 tangente
732 3641 763 3694 et
776 3652 836 3720 pro
853 3626 1007 3720 patiente,
1026 3623 1185 3691 involvunt

74 3807 78 3814 ι
164 3718 320 3790 ordinarie
342 3719 537 3818 periculum,
561 3720 840 3815 praesertim-inter
864 3743 1011 3819 personas
1040 3717 1184 3808 grandin·

165 3839 215 3886 res
230 3817 291 3901 (c).

252 3968 261 4015 ι’
296 3944 418 4063 Mel.
454 3960 560 4073 'setrid
590 3969 807 4084 “eil'urll
868 4047 979 4112 „sit
1036 4009 1194 4129 elffii
1235 4026 1240 4036 ,

1039 4120 1042 4129 .
1098 4107 1102 4126 .

562 4120 1036 4217 tr„
