2990 4672
419 409 425 413 .
575 320 848 398 nri-naerens.
1179 319 1231 422 95'

224 421 400 480 rademirus.
407 421 578 484 Gregoriim
712 461 723 472 r.
1384 449 1388 458 ·

224 493 299 542 Sexto
310 491 476 540 decretalium
485 491 606 540 Bonifatii
616 491 693 554 Vlll;=

223 561 395 621 clementinis,
406 556 632 610 aelementevsic
643 562 734 623 dictis3
764 562 767 564 ’
1193 611 1194 616 ,

222 629 253 678 Et
263 627 482 690 extravagantibus
492 625 548 680 tirm
557 632 657 681 loannis
665 633 742 693 xllll,
752 627 808 684 cum
818 632 1002 684 communibus.
1012 634 1073 694 Quae
1086 633 1229 687 omnlarim

195 697 288 748 habam
298 695 433 748 secundrim
441 696 507 760 quod
516 691 577 748 sunt'
585 701 751 749 communiter
760 705 872 762 recepta,
881 715 927 752 seu
937 703 985 750 nisi
997 703 1047 752 sint
1057 706 1180 766 revocata,
1187 708 1228 753 rel

195 767 610 828 perconsuetudinemcontrariam
625 770 748 830 abrogata.
758 772 874 819 Bitleurt
889 771 984 832 Excipe
995 769 1017 819 si
1031 770 1063 818 ad
1072 772 1147 820 fldem
1157 786 1232 836 spee-

225 905 353 967 Rescripta
361 907 519 972 pontificum,
527 907 573 954 uni
584 907 700 956 Ecclesiae
711 905 777 967 data,
787 907 936 966 regulariter
950 908 1036 959 valent
1047 909 1072 958 et
1082 912 1185 970 possunt
1193 913 1230 960 al·

196 975 271 1034 legari
281 977 397 1042 prealiis,
408 975 547 1036 praesertim
558 970 615 1023 cium
624 976 756 1024 decretalis
766 976 870 1035 epistola
879 975 943 1034 juris
955 979 1051 1038 corpori
1068 980 1161 1032 inserta
1175 993 1229 1030 me-

195 1044 245 1092 ruit
258 1043 432 1093 auctoritatem
447 1045 582 1104 publicam.
599 1047 708 1104 Excepto
720 1045 848 1104 tamen,si
864 1058 935 1106 papae
955 1053 1101 1108 responsum
1107 1061 1145 1098 -ex
1155 1050 1229 1100 causi

193 1114 310 1174 speciali,
320 1111 438 1174 persona,
449 1114 504 1162 loco
514 1115 541 1162 et
549 1115 662 1173 tempore
671 1114 800 1174 prodierit.
812 1116 887 1163 idem.

222 1178 348 1242 Quantum
358 1183 390 1230 ad
398 1183 577 1232 declarationes
586 1185 613 1230 et
626 1183 843 1244 interpretationes
854 1185 1051 1244 congregationis
1061 1186 1229 1236 Cardinalium

193 1250 222 1300 ut
231 1252 284 1302 rim
295 1251 404 1300 habeant
416 1283 424 1310 ,
434 1251 484 1298 tria
500 1249 580 1298 solent
590 1251 621 1296 alr
631 1251 772 1298 auctoribus
783 1251 877 1310 requiri
888 1263 895 1298 c
907 1251 932 1298 l⁰
942 1253 971 1300 ut
981 1253 1032 1300 sint
1042 1249 1056 1302 a
1066 1255 1091 1302 S.
1099 1257 1125 1302 P.
1138 1252 1229 1320 appro-v

194 1320 269 1381 batae,
280 1319 309 1368 2⁰.
320 1323 350 1369 ut
359 1315 443 1368 solim
451 1319 579 1368 declarent
588 1321 614 1367 et
628 1319 837 1380 interpretentur,
847 1333 898 1369 nen
908 1319 967 1370 serd
979 1323 1139 1386 dispensenc3
1153 1327 1181 1374 5⁰
1199 1328 1238 1376 ut.

194 1387 242 1436 sint
251 1389 396 1448 subscriptas
411 1383 427 1438 a
440 1387 563 1438 Cardinali
581 1385 687 1451 praeside
706 1388 732 1436 et
742 1389 892 1451 secretario,
903 1404 963 1440 cum
972 1395 1126 1454 appositione
1140 1397 1227 1458 sigilli.

193 1459 259 1507 lnam
269 1459 295 1506 et
308 1462 383 1507 Dens.

222 1527 310 1574 Nora:
319 1525 344 1572 l⁰
352 1526 493 1574 Decretales
510 1539 566 1588 quae
579 1525 723 1592 praecedunt
732 1525 850 1576 Sirieium
860 1539 950 1588 papam
963 1528 992 1576 ut
1007 1531 1171 1589 supposititiae
1181 1531 1228 1578 lra-

195 1596 297 1654 bentur3
308 1595 334 1643 2⁰
344 1597 398 1643 luri
407 1597 524 1645 canonico
542 1591 616 1644 hodie
627 1596 822 1643 annumerantur
832 1597 931 1644 decreta
945 1599 971 1646 et
987 1609 1094 1646 canones
1109 1600 1228 1648 concilio-

195 1677 250 1712 rum
258 1667 410 1725 generalium
420 1666 446 1714 et
456 1665 644 1714 constitutiones
652 1665 787 1726 pontificiae
796 1661 906 1714 nondum
917 1668 943 1716 in
952 1679 1040 1727 corpus
1051 1667 1114 1726 juris
1132 1670 1226 1718 relatae.
1251 1671 1254 1681 '

194 1735 257 1784 Sunt
266 1735 348 1784 umen
359 1736 433 1784 rariae
444 1735 476 1782 ad
486 1735 645 1795 disciplinam
655 1734 810 1796 spectantes,
821 1748 877 1796 quae
890 1735 942 1786 rim
950 1736 1011 1802 legis
1019 1749 1069 1786 nou
1077 1737 1185 1798 habent,
1196 1736 1227 1787 ed

194 1800 260 1866 quiid
269 1817 318 1851 non
331 1804 382 1852 sint
393 1803 560 1860 communiter
570 1805 686 1864 receptae.
698 1807 771 1862 Dens,
782 1807 825 1852 etc.

225 1871 256 1936 (c)
266 1873 325 1920 lure
339 1869 395 1931 hoc,
406 1871 483 1932 quod,
494 1873 542 1920 etsi
550 1866 565 1919 a
573 1872 630 1930 iure
641 1873 737 1920 nature
750 1869 883 1932 aliquando
897 1873 924 1922 et
933 1873 1004 1922 cirili
1012 1869 1072 1922 rard
1083 1873 1227 1935 discrepans

192 1939 369 1992 conscientiam
383 1941 459 2002 ligat,
468 1942 599 1990 serrantur
607 1941 779 1992 immunitates
789 1943 927 2010 legatorum
939 1941 1139 2004 (ambassadeurs
1148 1942 1168 2006 ),
1182 1945 1228 1992 lua⁴

192 2010 251 2058 dera
260 2011 329 2070 pacis
339 2012 365 2059 et
374 2009 549 2070 induciarum,
561 2009 767 2059 commerciorum
777 2010 879 2058 libertas
887 2011 954 2059 inter
962 2011 1075 2059 nationes
1085 2025 1135 2059 non
1143 2012 1227 2060 inimi-

194 2089 243 2139 cas,
255 2079 304 2127 etc.

655 2152 769 2172 μ

235 2251 306 2314 115.
319 2245 452 2339 Insuper·
466 2239 517 2312 lex
531 2239 648 2336 quaeris
663 2240 849 2309 affirmativa
865 2241 975 2312 estrei
990 2244 1146 2334 negalira.

233 2341 436 2408 Affirmativa
452 2369 460 2406 ε
478 2338 605 2432 quamdi)
619 2333 739 2429 aliquid
760 2336 896 2422 directi,
910 2363 967 2408 seu
983 2339 1104 2410 ratione
1127 2341 1177 2410 sui
1194 2356 1226 2412 et

192 2435 344 2530 primario
353 2433 508 2531 praecipit.
964 2461 968 2470 ’

233 2529 389 2621 Negaliva
407 2561 414 2598 ε
428 2528 554 2623 qrrando
567 2527 613 2602 sic
627 2525 748 2621 aliquid
761 2525 920 2622 prohibet.
954 2583 956 2588 .

233 2625 298 2694 Sed
315 2626 467 2696 indirecte
479 2623 706 2694 etsecundarid
725 2623 778 2692 lex
800 2620 988 2692 affirmativa
1010 2625 1172 2718 prohibet,
1191 2643 1224 2696 et

190 2721 334 2812 negativa
353 2721 497 2816 precipit
508 2745 579 2815 quae
594 2721 636 2788 ad
652 2721 702 2789 sui
715 2719 930 2814 impletionem
948 2721 1124 2788 necessaria
1140 2737 1220 2788 sunt.

231 2816 292 2882 Hae
306 2816 409 2884 adhire
419 2816 500 2884 inter
514 2831 679 2910 utramque
693 2813 877 2883 differentias
893 2843 902 2881 c
917 2814 1002 2906 quid
1016 2813 1067 2881 lex
1081 2814 1224 2896 affirma-
1245 2819 1247 2823 ’

191 2909 259 2988 tiva
272 2911 388 3003 obliget
398 2938 520 3008 semper
536 2911 701 3005 equidem,
717 2909 848 2978 sednon
862 2934 921 3003 pro
935 2933 1069 3004 semper,
1079 2925 1113 2978 ut
1124 2910 1221 2994 aiunt,

191 3005 295 3092 idest,
310 3031 373 3076 non
383 3009 466 3076 omni
476 3007 618 3087 instanti;
635 3022 666 3075 et
681 3010 698 3074 e
711 3009 820 3074 contris
828 3005 879 3073 lex
886 3005 1032 3098 negativa
1046 3036 1054 3073 ε

232 3101 277 3172 lle
291 3104 376 3197 quod
386 3103 437 3172 lex
449 3103 637 3173 affirmativa
646 3102 832 3188 omissionis,
844 3101 975 3172 lexverd
983 3103 1128 3195 negativa
1139 3127 1223 3172 com·

190 3198 347 3268 missionis
357 3215 484 3295 peccato
498 3199 645 3269 violetur.

231 3293 309 3363 Alia
321 3295 372 3372 lex
382 3294 509 3364 moralis
519 3295 639 3378 solium,
655 3319 724 3388 qnae
737 3292 855 3362 nullam
869 3317 1011 3387 poenam;

232 3389 309 3457 Alia
319 3390 403 3460 dicta
415 3394 493 3486 pur'e
510 3391 654 3488 poenalis,
668 3414 737 3483 quae
753 3413 879 3483 poenam
889 3387 1005 3468 solirm3

193 3577 202 3594 ,
232 3483 276 3552 Et
288 3485 350 3556 alia
368 3481 480 3574 muta,
494 3512 565 3582 quae
582 3501 614 3555 et
628 3485 753 3581 culpam
767 3483 979 3580 etpoenamin
994 3479 1220 3554 assimulatione

190 3594 352 3675 mportat.
853 3657 856 3662 ,
1066 3651 1069 3658 .

235 3774 306 3838 ιι6.
320 3768 469 3840 Tandem
481 3769 534 3839 lex
547 3769 609 3839 alia
616 3769 734 3866 scripta
750 3783 781 3840 et
794 3767 857 3837 alia
874 3749 1166 3837 cosuetudinariaj

231 3863 354 3959 Legem
376 3865 678 3942 consuetudinariam
698 3863 875 3938 definiunt:
903 3864 951 3956 jus
979 3888 1041 3934 non
1068 3862 1217 3959 scriplum
