2984 4666
541 385 778 440 necarunt.
972 447 976 459 x
1008 353 1016 368 ’
1106 367 1173 456 287
1220 391 1222 398 ’
1262 452 1266 462 ,

148 485 310 546 cateruam
324 473 437 555 solum,
456 495 519 542 non
531 472 684 544 internam
699 488 730 542 et
742 473 828 566 piam
843 471 1051 540 attentionem
1061 470 1190 540 habent¹

152 571 193 639 ad
205 570 391 638 sacrificium
406 571 451 654 (d)
469 593 525 662 per
535 583 656 664 partem
669 567 772 637 missae
781 565 968 648 notabilem,
985 581 1037 636 aut
1050 580 1097 640 tut
1107 567 1175 661 par·

152 687 206 732 vas
220 679 255 732 ut
264 663 357 732 unitae
370 663 532 731 materiam
545 685 673 754 gravem
685 661 939 748 constituentis).

192 757 263 828 Nec
281 763 316 826 3⁰
329 757 382 851 qui
392 757 589 853 parti'missae
602 757 733 825 notabili
748 759 873 839 desunt,
888 773 941 825 aut
954 755 1095 826 omnibus
1109 755 1177 850 qui-

151 852 225 921 dem
245 854 384 948 partibus
398 854 531 932 adsunt,
546 853 636 920 sedit
653 851 797 946 pluribus
810 851 961 921 ministris
983 849 1109 924 insimul
1121 865 1178 918 aut
1234 933 1242 944 ,

145 949 323 1018 successive
341 948 502 1018 celebratis
517 949 580 1034 (d).

193 1044 342 1112 Attanren
354 1043 408 1136 qui
420 1043 477 1112 toti
491 1043 594 1112 missae
607 1041 815 1136 nequit,parti
828 1041 935 1112 adesse
943 1037 1048 1124 debet,
1063 1036 1096 1110 si
1106 1061 1182 1133 pos·-

153 1135 211 1220 sit,
226 1138 337 1208 saltem
351 1139 378 1206 si
384 1161 458 1232 pars
468 1137 525 1205 illa
536 1138 682 1212 notabilis
692 1137 735 1206 sit
744 1139 803 1223 (c).

184 1316 220 1382 (o)
229 1315 328 1378 hlongh
340 1315 397 1378 ergb
408 1317 435 1365 in
442 1327 529 1378 magno
540 1329 659 1368 concursu
669 1317 750 1378 potest
760 1317 816 1377 quis
826 1328 879 1364 esse
889 1315 1138 1375 moraliterpreesens,
1150 1313 1177 1364 el

152 1381 252 1448 ipropt
263 1389 361 1444 abesse,
372 1387 401 1434 ut
411 1386 431 1432 si
443 1387 475 1434 sit
484 1385 510 1432 in
519 1385 590 1434 domo
600 1384 697 1444 vicina,
708 1397 754 1432 nec
763 1385 795 1432 sit
806 1384 912 1432 fenestra
919 1383 1047 1441 coniuncta
1057 1383 1176 1448 Ecclesia

152 1457 244 1504 autvia
259 1453 403 1502 intercedat.
422 1447 511 1512 Sociis,
529 1448 600 1511 iuxta
618 1447 848 1512 aliquos,sisolt1m
867 1464 961 1498 murus.
972 1451 1008 1498 De
1025 1452 1070 1500 boc
1081 1451 1178 1500 dubita·

152 1535 207 1570 rem
215 1535 223 1581 3
232 1522 317 1569 murus
328 1522 395 1568 enim
414 1518 490 1581 magis
500 1517 574 1582 quim
584 1522 625 1569 via
636 1521 736 1568 videtur
746 1522 840 1568 coetum
851 1521 1007 1579 intercipere.

183 1591 256 1638 laissa
265 1587 344 1638 audiri
356 1585 459 1649 potesta
475 1590 590 1649 gradibus
599 1589 731 1648 vestibuli,
741 1590 761 1636 si
775 1589 874 1648 propior
888 1601 1000 1636 accessus
1018 1587 1176 1648 impediatur.

153 1661 184 1706 Ρ.
199 1659 260 1707 Gob.
271 1660 328 1707 Ant.
339 1658 387 1706 Sed
397 1658 530 1719 nequidem
540 1657 652 1718 ponenda
660 1657 758 1706 videtur
766 1659 818 1704 baec
828 1658 964 1716 restrictio,
973 1657 1060 1704 saltem
1070 1657 1090 1704 si
1101 1659 1178 1706 vesti-

153 1726 240 1774 bulum
251 1727 283 1774 sit
291 1725 406 1786 parvum,
421 1727 494 1786 quale
504 1721 626 1774 ordinarie
636 1726 689 1772 ruri
699 1758 707 1784 ,
716 1722 788 1773 modo
798 1727 999 1774 tamenecclesiae
1007 1725 1085 1783 tantmv
1092 1726 1178 1788 aperta

154 1795 194 1842 sit.
204 1795 251 1842 Sed
261 1796 329 1842 locus
339 1796 380 1842 bic
390 1795 558 1843 recollectioni
568 1795 668 1854 inaptus
681 1790 804 1842 ordinaris
822 1790 923 1842 aliunde
934 1795 1082 1854 irreligiosos
1092 1793 1118 1843 et
1128 1794 1177 1842 dis·

153 1864 244 1912 solutos
255 1865 372 1911 continet.

183 1928 302 1980 caeterdm
312 1932 387 1980 coetui
398 1943 466 1980 sacro
477 1929 593 1980 continub
608 1931 692 1980 adesso
709 1932 842 1980 censentur
854 1929 898 1990 qui
913 1929 994 1980 missas
1007 1929 1176 1982 deservientes

152 1999 283 2060 aliquando
294 2011 327 2046 ex
336 2000 483 2048 necessitate
493 2001 601 2058 meunt,
611 2000 669 2059 qnia
677 2011 751 2058 opera
761 2009 816 2058 qnae
836 1997 944 2056 iaciunt,
960 1999 991 2045 ad
1005 2000 1128 2048 actionem
1136 2013 1178 2048 sa·

153 2069 241 2116 criticii
252 2068 390 2126 pertinent,
400 2068 549 2126 possuntque
561 2079 618 2114 cum
629 2065 670 2126 pii
681 2067 712 2114 ad
727 2067 875 2114 sacrificium
893 2066 1029 2114 attentione
1040 2069 1176 2116 conciliari.

186 2132 220 2195 (b)
240 2135 326 2180 Plures
344 2135 427 2180 tamen
445 2134 531 2181 volunt
542 2133 654 2180 sulficere
676 2134 837 2182 attentionem
848 2132 985 2179 externam.
1000 2129 1178 2184 Seduirmnon

153 2203 237 2250 actum
247 2203 388 2261 religiosum
399 2201 512 2261 proecipit
521 2199 644 2247 Ecclesiat

185 2269 217 2332 (c)
224 2271 293 2329 Quod
303 2270 427 2317 moraliter
438 2269 558 2328 loquendo
569 2261 646 2315 soltim
655 2267 761 2328 intelllgi
771 2267 860 2330 potest,
869 2280 915 2318 nec
926 2267 952 2316 ld
960 2264 1069 2329 unquam
1076 2272 1178 2331 possunt

154 2341 239 2388 fideles
249 2341 275 2387 in
285 2339 435 2388 confessione
446 2338 619 2386 determinare.
631 2333 712 2386 Sollrm
723 2351 780 2396 ergo
790 2337 923 2386 videndum
934 2349 965 2384 arr
976 2339 1058 2398 longas
1066 2341 1109 2388 aut
1118 2341 1177 2390 bre-

154 2421 211 2466 ves,
222 2420 253 2455 an
261 2403 363 2468 panim,
374 2419 405 2453 an
415 2401 522 2454 multirm
530 2405 647 2465 repetitas
661 2405 832 2454 distractiones
846 2407 978 2456 habuerint
987 2407 1139 2470 voluntarie,
1150 2412 1178 2460 et

155 2479 181 2525 in
192 2476 239 2537 qua
250 2477 329 2526 rnissae
337 2477 415 2536 parte.
431 2472 491 2522 llam
500 2475 527 2522 iu
543 2475 624 2522 missis
633 2476 785 2523 solemnibus
800 2487 857 2536 pars
877 2479 956 2535 prima
965 2477 1045 2524 tribus
1059 2479 1115 2526 aliis
1124 2480 1178 2527 lon·

154 2548 206 2606 glor
216 2547 264 2593 est.

186 2614 219 2673 (d)
240 2615 291 2659 h'on
307 2613 373 2659 enim
383 2611 449 2659 idom
463 2612 500 2660 cst
516 2613 673 2660 sacrificium.
684 2613 726 2661 Ast
736 2609 799 2660 mird
810 2613 907 2660 variant
918 2613 945 2660 in
955 2614 1096 2672 assignanda
1107 2618 1177 2674 parts

154 2684 234 2728 missae
243 2682 355 2730 notabili.
367 2681 455 2730 Omnes
465 2683 615 2729 conveniunt
625 2683 732 2728 mediam
742 2682 889 2728 auttertiam
895 2682 991 2739 partem
1002 2694 1055 2727 csse
1064 2683 1124 2740 quid
1134 2697 1178 2730 no·

155 2749 239 2796 tabiis.
250 2747 313 2806 stit,
323 2750 367 2807 qui
381 2749 529 2814 sententiam
541 2761 611 2794 suem
620 2759 775 2794 communem
782 2747 882 2804 dicunt,
898 2748 926 2793 ut
936 2749 1031 2805 purtem
1042 2749 1176 2798 notabilem

155 2815 247 2862 habent
256 2816 287 2862 ab
299 2816 369 2862 initio
379 2817 458 2862 missae
467 2815 498 2860 ad
507 2817 635 2872 peractum
643 2816 816 2872 Evangelium,
825 2814 851 2860 et
867 2815 897 2859 ab
910 2809 969 2860 antd
980 2817 1177 2865 commotionem

156 2879 232 2942 usque
243 2883 274 2928 ad
284 2883 367 2930 linem.
377 2883 425 2930 stit
436 2894 492 2928 cum
502 2883 655 2940 cabassutio,
665 2883 708 2941 qui
720 2885 745 2929 et
757 2893 826 2928 suam
839 2883 985 2929 sententiam
995 2883 1057 2930 dicit
1067 2895 1178 2932 commu-

155 2951 249 2997 niorem
258 2952 283 2999 et
293 2951 495 3012 probabiliorem,
506 2963 550 3010 pro
560 2951 629 3010 parte
641 2951 744 2998 notabili
755 2951 877 3008 assignant
887 2951 918 2996 ah
927 2951 999 2999 initio
1013 2952 1044 2999 ad
1052 2953 1177 3012 peractam

156 3020 295 3079 Epistulam.
305 3019 353 3066 atii
364 3021 474 3080 quartam
484 3020 613 3078 partemin
624 3031 712 3078 genere
723 3019 896 3066 determinant.
905 3019 962 3078 atii,
974 3021 1036 3081 utu,
1048 3022 1107 3068 Gah.
1119 3024 1175 3070 Ant.

156 3093 181 3135 et
191 3089 309 3147 Billuart,
327 3090 425 3147 tempus
439 3088 642 3146 consecrationis,
661 3078 764 3135 llilluart
781 3089 883 3147 insuper
893 3089 990 3148 tempus
999 3091 1178 3139 communionis

155 3156 283 3204 habentui
292 3157 352 3216 quid
364 3157 389 3202 iu
400 3168 425 3203 se
437 3156 558 3214 notabile,
569 3157 626 3216 guia
635 3157 717 3215 partes
728 3157 779 3208 istas
796 3157 939 3204 essentiales
949 3160 1006 3205 sunt
1017 3160 1043 3206 et
1053 3159 1188 3218 intereram,

155 3226 192 3270 tos
201 3225 322 3272 sacrificii.
334 3226 385 3271 lton
402 3226 462 3272 mihi
474 3225 589 3284 displicet
603 3226 655 3272 hare
670 3225 753 3284 opinio
770 3225 856 3272 saltem
867 3238 911 3284 pro
922 3237 951 3273 eo
968 3225 1033 3286 quod
1044 3227 1138 3286 spectat
1146 3214 1192 3274 aclk

156 3293 375 3350 consecrationem,
390 3302 494 3352 reosque
507 3293 538 3340 de
554 3294 599 3340 hoc
612 3295 643 3340 ab
652 3294 824 3342 confitentibus
832 3293 1002 3358 distractiones
1012 3294 1038 3341 in
1057 3295 1129 3343 missit
1140 3297 1178 3344 in·

155 3360 253 3420 quirere
262 3373 310 3406 non
321 3373 373 3408 esse
383 3362 534 3420 scrupulum.
545 3362 728 3422 Quinquennis
739 3361 764 3408 bi
774 3363 880 3422 theologi
893 3364 1023 3422 loquantur
1028 3364 1059 3411 de
1066 3364 1176 3412 absentis

155 3429 265 3485 ternpore
281 3429 482 3487 consecrationis,
499 3431 564 3477 idem
574 3430 706 3479 dicendum
714 3431 752 3478 est
761 3430 792 3478 du
804 3431 1002 3480 distractionibus
1015 3433 1177 3493 voluntariis,

154 3495 181 3542 et
189 3493 290 3553 quidam
300 3495 325 3541 id
336 3497 361 3542 in
372 3497 512 3554 particulari
532 3499 633 3546 mortale
649 3499 779 3546 affirmant.

186 3564 217 3610 Ut
227 3565 321 3609 certum
333 3563 430 3614 videtur
438 3565 552 3613 altlrmari
567 3579 636 3626 posse
647 3569 749 3615 mortale
758 3579 811 3615 esse
821 3567 905 3616 abesse
914 3563 929 3615 t
938 3566 1012 3616 missi
1025 3569 1057 3615 ab
1067 3567 1139 3614 initio
1146 3567 1177 3616 ad

154 3633 282 3692 peractum
291 3631 449 3689 Evarrgcliurn
462 3635 488 3680 et
497 3633 528 3680 ab
538 3631 594 3682 ants
603 3637 799 3683 communionem
808 3635 839 3681 ad
849 3635 932 3684 finem.
944 3636 992 3686 Sed
1001 3636 1114 3695 quamvis
1123 3637 1178 3696 plu·

154 3700 237 3759 ribus,
249 3695 299 3746 irnh
308 3699 388 3745 loraan
399 3701 486 3757 maiori
497 3702 663 3763 theologorum
674 3705 739 3764 parti
756 3703 857 3762 rigidior
867 3704 980 3751 rideatur
993 3703 1076 3764 opinio
1088 3706 1178 3753 cubas·

155 3767 361 3827 manuumque
378 3779 428 3814 non
445 3770 542 3816 mortali
562 3783 587 3818 se
603 3769 715 3830 plurime
731 3773 859 3832 exploserit,
876 3784 905 3819 ac
922 3769 1027 3831 proiadd
1041 3775 1177 3823 mortaliter

156 3835 268 3894 peccavit
280 3837 626 3896 numerusnumerous
645 3840 765 3900 legitimi,
775 3853 824 3888 nou
835 3841 936 3890 advenit
945 3841 997 3898 nisi
1008 3841 1106 3902 peracti
1116 3844 1178 3906 lipi-

157 3900 233 3973 stolii
242 3905 370 3953 Poteratne
380 3904 429 3955 sibi
439 3905 583 3969 promittere
593 3905 658 3967 quot
667 3921 715 3957 non
725 3911 852 3968 peractum
861 3908 924 3958 esset
934 3909 1107 3970 Evarrgcliunr?
