2932 4658
609 305 847 382 nncrnour.

602 603 862 676 APPENDIX

491 784 528 818 n!
544 783 720 820 mmm
735 785 770 819 n
786 783 974 821 ΡΙΙΕΑΤΙΜΙ.

260 927 331 1017 396.
347 922 495 991 Vernrro
507 935 538 990 er
549 891 690 1016 piscarie,
705 924 773 1012 jure
782 920 915 992 namrali
928 921 1069 994 omnibus
1079 879 1271 1021 permissi?

217 1024 300 1115 saepe
315 1034 419 1086 tamen
430 1015 553 1108 legibus
561 1015 595 1083 in
609 1015 849 1102 conscientiae)
860 1017 1069 1111 obligantibus
1077 1017 1247 1117 prohiben-

216 1129 286 1196 tur,
303 1128 334 1182 'et
344 1111 613 1204 suntquandbque
625 1110 779 1203 injustitii
789 1111 920 1205 polluta.
1249 1116 1260 1177 r

256 1206 468 1278 Prohibentur
480 1205 640 1275 erratione
650 1207 867 1302 temporrs(b),
878 1208 1003 1302 quand'o
1015 1207 1162 1280 animalia
1173 1223 1246 1282 srmt

214 1302 303 1382 freta,
316 1317 369 1370 aut
385 1301 496 1369 soetrrm
509 1300 605 1370 alunt.

255 1398 301 1466 Et
323 1396 444 1466 ratione
466 1396 752 1467 instrumentorum.
788 1395 844 1468 Sic
866 1396 1115 1492 praescribitJex
1139 1400 1244 1493 qualia

216 1495 350 1562 debeant
369 1517 438 1563 esse
457 1493 498 1562 ad
517 1491 702 1588 pneaurlum
721 1490 813 1564 retia.
841 1492 1027 1589 specialiter
1049 1493 1244 1590 prohibitum

215 1613 378 1658 venenum.
532 1649 535 1652 .

256 1683 302 1752 Et
314 1683 434 1753 ratione
447 1683 521 1753 loci.
540 1683 595 1753 sic
609 1709 646 1754 ex
660 1681 731 1775 lege
744 1687 785 1752 30
799 1681 908 1779 aprilis
924 1711 1021 1776 1790,
1036 1707 1105 1778 quae
1118 1683 1153 1753 in
1165 1683 1244 1755 Gal-

214 1777 258 1848 lit
270 1779 355 1870 viget
370 1808 379 1850 z
398 1811 413 1852 e
437 1779 466 1848 Il
481 1795 528 1848 est
541 1779 677 1848 de'fendu
700 1783 720 1848 b
743 1794 828 1849 toute
842 1804 994 1874 personne
1008 1781 1048 1850 de
1063 1779 1188 1852 chasser
1203 1807 1244 1852 en

217 1904 233 1932 ν»
249 1876 382 1969 quelque
403 1891 522 1971 temps,
541 1891 572 1946 et
593 1876 633 1945 de
650 1875 784 1970 quelque
804 1874 945 1945 muniere
962 1901 1024 1970 que
1041 1902 1077 1946 ce
1093 1875 1174 1960 soit,
1188 1901 1243 1946 sur

215 2001 231 2029 u
247 1971 278 2039 le
300 1971 419 2038 terrain
440 1971 591 2053 d'autrui‚
612 1996 684 2038 sans
707 1995 766 2037 son
783 1987 1029 2055 eonsentement,
1047 1995 1119 2040 sous
1133 1972 1241 2066 peine,

216 2093 232 2122 >t
249 2081 308 2134 ete.
329 2067 387 2150 ().
916 2111 920 2121 ·

258 2188 273 2215 υ
289 2158 317 2226 Il
332 2175 378 2226 est
390 2157 470 2224 libre
484 2180 523 2226 en
535 2170 602 2242 tout
614 2170 714 2250 temps
737 2179 778 2222 au
791 2152 999 2250 proprietaire
1013 2179 1242 2252 oupossesseur

215 2281 231 2311 u
248 2255 393 2326 etmbme
407 2277 447 2320 au
459 2250 587 2320 fermier
600 2252 640 2331 de
654 2249 791 2318 de‘truire
805 2249 834 2318 le
847 2248 949 2341 gibier
960 2250 1036 2320 dans
1050 2275 1099 2321 ses
1111 2251 1243 2330 re'coltes

215 2379 231 2408 »
246 2375 309 2417 non
323 2348 439 2430 closer,
459 2374 498 2416 en
510 2372 545 2414 se
557 2349 693 2415 servant
706 2347 746 2415 de
760 2345 839 2416 filets
854 2372 894 2414 ou
914 2362 1018 2416 autres
1033 2348 1163 2442 engius‚
1178 2345 1243 2444 vqui

214 2475 232 2506 a·
245 2471 285 2514 ne
294 2445 433 2540 puissent
445 2469 502 2539 pas
515 2443 605 2513 nuire
619 2469 680 2512 aux
692 2443 785 2513 fruits
800 2444 839 2512 de
853 2443 885 2510 la
898 2458 1002 2528 terre,
1024 2471 1145 2514 comme
1157 2446 1243 2516 aussi

214 2571 232 2600 »
250 2541 290 2609 de
304 2564 466 2635 repousser
480 2564 555 2607 avec
570 2539 624 2608 des
639 2561 740 2608 armes
755 2541 774 2606 ὲ
791 2537 844 2608 feu
857 2538 903 2608 tes
918 2539 1006 2616 bbtes
1018 2539 1124 2612 fauves
1139 2541 1195 2634 qui
1205 2564 1242 2614 st

213 2665 230 2697 ι
245 2635 467 2732 re'pandroient
479 2635 555 2703 dans
570 2631 700 2705 sesdites
716 2633 858 2702 recoltes.
877 2633 1010 2700 Ibidem.

256 2762 271 2789 »
287 2733 460 2800 Declarons
473 2731 505 2796 la
518 2728 617 2822 pbebe
639 2729 679 2795 de
693 2727 724 2793 la
737 2751 804 2794 mer
815 2726 896 2793 libre
910 2740 941 2793 et
954 2728 1149 2796 communet't
1170 2741 1241 2798 tous

213 2850 269 2896 nos
283 2827 390 2915 sujets.
408 2853 424 2880 »
437 2824 512 2889 Art.
532 2850 565 2904 1,
579 2821 631 2914 tit.
650 2849 684 2904 r,
699 2819 758 2888 lib.
774 2825 793 2888 5
805 2818 922 2888 decreti
932 2819 1046 2910 regalis
1060 2819 1134 2888 anni
1147 2827 1240 2892 1681.

255 2919 321 2988 Sed
345 2948 361 2977 «
388 2917 456 2986 Nul
468 2943 508 2984 ne
521 2940 638 3010 pourra
660 2913 776 3010 pecher
789 2913 866 2982 dans
879 2913 925 2982 les
938 2913 1053 2982 fleuves
1067 2931 1098 2983 et
1110 2909 1248 2986 ririeres

216 3044 232 3076 »ι
248 3013 443 3105 navigables,
458 3011 509 3080 s'il
521 3011 600 3079 n’est
608 3010 695 3079 muni
706 3010 798 3079 d'une
807 3009 940 3095 lieenee,
956 3036 996 3078 ou
1005 3008 1055 3078 s’il
1064 3010 1142 3082 n’est
1154 3012 1243 3104 adju·

215 3140 233 3170 υ
249 3108 399 3179 dieataire
420 3109 460 3176 (le
474 3106 505 3175 la
518 3106 618 3176 ferme
641 3107 681 3175 de
695 3105 726 3174 la
739 3105 839 3200 pbche
843 3155 909 3176 .....
938 3121 1111 3176 autrement
1122 3109 1194 3201 qu’b
1209 3107 1242 3178 la

216 3235 233 3263 2»
248 3204 333 3297 ligne
347 3202 498 3272 flottante.
522 3230 538 3259 u
553 3201 623 3271 Lex
632 3201 702 3270 diei
722 3200 912 3292 Afloreqlis,
930 3223 972 3268 an
992 3228 1031 3268 ro
1049 3199 1116 3286 (d).

216 3377 1242 3515 ..r‚eeterreretur.perstrepentem

215 3535 293 3586 poenae
315 3523 395 3570 forent
411 3535 510 3582 graves,
521 3525 550 3571 ut
557 3521 688 3583 triremes,
699 3521 830 3582 peecatum
848 3515 946 3569 facilir'rs
955 3520 1058 3568 mortulo
1068 3517 1241 3570 aestimaretur.

215 3592 264 3640 Sed
273 3592 367 3640 ratione
378 3591 460 3638 damni
472 3591 542 3648 cuius
551 3591 646 3640 vitandi
658 3587 730 3638 taust
739 3591 783 3639 lex
801 3589 865 3638 faeta
876 3589 930 3648 est,
945 3586 1075 3649 peecatum
1085 3585 1166 3648 potest
1186 3597 1240 3653 esse

216 3659 650 3721 grave‚inquiuntBilluart‚1tens,
662 3659 712 3707 etc.
1248 3655 1255 3675 ⁸

247 3727 281 3791 (b)
293 3729 329 3776 Ad
339 3727 466 3789 praefectos
476 3727 656 3786 provinciarum
666 3725 755 3776 attinet
764 3721 928 3772 determinare
935 3721 962 3770 in
971 3721 1023 3770 suis
1031 3719 1166 3784 provinciis
1175 3721 1241 3774 tem·

217 3809 262 3864 pus
272 3810 320 3859 quo
336 3797 435 3845 venatio
452 3795 531 3842 libera
547 3795 596 3844 erit
605 3793 774 3856 proprietariis
792 3792 819 3840 et
827 3791 1121 3852 possessoribusinterris
1130 3791 1183 3845 suis
1189 3803 1239 3844 nott

220 3867 314 3918 eleusis.
324 3865 365 3915 Sut
376 3859 497 3916 ordinarit
507 3859 522 3913 *a
531 3861 611 3928 print
618 3863 701 3919 martit
711 3863 741 3915 ul
752 3863 825 3914 finem
832 3860 889 3925 julil
899 3859 985 3918 vetita.
