2932 4658
271 345 342 418 3ιο
531 367 588 418 nu
608 349 1035 433 QUARTO'PRAECEPTO

298 435 424 500 Alortiorl
440 431 549 512 graviter
567 453 670 513 peccant
680 453 723 514 qui
733 454 849 502 Ecclesiae
865 447 1065 512 iurisdictionem
1074 433 1207 516 usurpant,
1218 455 1308 519 lmpef

269 519 355 580 dluni,
365 519 409 567 aut
426 521 556 580 minuunt3
571 521 674 580 iujurias
693 521 807 581 religioni
824 521 913 584 tactas,
934 522 1114 594 blasphemias,
1128 523 1298 576 lihroscontrt

269 589 343 639 tidem
353 588 397 636 aut
405 588 483 638 bonos
490 603 571 638 mores
581 591 651 652 quasi
665 589 776 650 tuentur,
787 591 846 652 etc,
855 586 962 651 nedum,
973 593 1022 640 etc.

532 850 1035 916 annrrrunurunriv.
1153 941 1154 946 Ν

265 1039 266 1042 =
314 1006 437 1072 &napis
446 1008 636 1072 particularibus
644 1008 792 1058 ramulorum
802 961 992 1092 etdonniuorum
1002 1011 1090 1062 officiis
1100 1015 1126 1064 et
1134 1015 1256 1076 peneus

724 1119 726 1128 ,
758 1123 812 1220 Si*
856 1108 858 1117 ,

283 1296 385 1404 '346⁶
405 1297 507 1366 Hunis
528 1297 638 1366 famuli
664 1298 797 1386 debent,
822 1315 936 1396 praeter
952 1275 1091 1373 amorem
1114 1320 1145 1374 et
1157 1332 1299 1378 reveren·

267 1405 533 1556 tragssedimfim
545 1484 628 1556 iniis
642 1513 711 1581 quae
724 1491 1116 1584 pcrtinentadscrnitium,
1128 1499 1298 1593 etquidem

232 1609 235 1626 =
268 1581 433 1669 exjustitia
443 1583 484 1650 oh
498 1584 692 1678 pactum(a),
890 1616 893 1622 ’
937 1595 939 1600 ’

307 1673 352 1743 Et
365 1674 547 1746 fidelitatem
559 1677 673 1767 lingue
683 1731 692 1760 ,
703 1693 738 1746 ut
755 1678 860 1764 dunt,
875 1681 938 1750 oris
950 1697 981 1750 ei
990 1685 1099 1754 mando
1110 1687 1171 1774 (d).

298 1841 338 1906 (α).
346 1847 451 1894 Ρεοωιιι
461 1847 537 1906 igitur
547 1847 647 1908 peceato
658 1863 690 1896 ec
700 1862 781 1910 potere
789 1865 831 1900 eoo
842 1851 910 1911 pravi
919 1855 1115 1918 restituendique
1121 1859 1300 1918 obligationem

265 1909 390 1961 ordinarie
401 1915 550 1975 inducente,
561 1917 605 1976 qui
614 1917 692 1966 invito
702 1917 803 1967 domino
813 1921 839 1968 et
848 1921 902 1969 siue
913 1919 987 1970 caust
1003 1922 1070 1986 justi
1084 1922 1141 1975 ante
1149 1929 1247 1989 tempus
1257 1931 1296 1980 la-

209 1987 212 1994 “
266 1981 375 2030 mulatio
393 1983 543 2044 disceduntp

297 2051 326 2097 ut
334 2052 377 2111 qui
386 2053 502 2100 salarium
511 2054 818 2117 integrumrecipinntpro
826 2057 963 2120 cilicioque
972 2059 1035 2110 malt
1044 2061 1123 2110 iuncti
1132 2065 1202 2125 sunt,
1212 2069 1254 2116 rel
1264 2069 1299 2118 ads

265 2120 366 2166 oculum
377 2123 527 2182 servientes,
537 2123 636 2183 tempus
646 2124 772 2175 indominl
782 2125 894 2175 ahsentid
904 2125 969 2178 malt
977 2131 1062 2178 terunt
1074 2131 1183 2195 aliosque
1191 2133 1295 2190 lemnos

265 2186 447 2248 etoperariosa
465 2192 549 2239 labore
566 2192 714 2252 impediunt.

297 2253 333 2316 (t)
345 2257 451 2305 Peccant
462 2257 519 2317 ersi
534 2259 621 2306 itidem
633 2261 658 2307 et
669 2261 800 2310 restituere
810 2263 945 2325 terrentur,

255 2356 259 2366 Α
295 2322 344 2380 Qui
355 2323 385 2369 de
396 2325 465 2390 lieris
481 2316 627 2385 detrahunt,
640 2329 741 2386 peecata
760 2330 861 2380 familiae
878 2333 1026 2401 etdeleetus
1043 2337 1099 2386 aliis
1113 2341 1294 2406 referunt,eta

265 2387 361 2436 doctiori
370 2390 406 2448 si,
417 2392 446 2438 ut
456 2389 535 2452 saepe,
547 2395 744 2456 calumnientur,
754 2395 788 2446 ita
799 2399 911 2449 delectus
926 2406 1043 2463 augentes
1059 2409 1146 2458 utnon
1157 2411 1211 2462 rard
1221 2428 1294 2466 causa

263 2455 315 2503 sint
324 2457 414 2514 injusta
424 2472 468 2508 eur
479 2461 583 2510 famulos
594 2463 721 2526 horinon,
731 2470 774 2517 aut
787 2482 836 2517 non
850 2472 897 2518 nisi
908 2474 985 2520 malos
1000 2475 1141 2540 inveniant3

295 2524 343 2583 Qui
352 2529 477 2576 esculenta
487 2563 495 2590 ,
505 2531 650 2592 poculenta,
663 2535 721 2595 etc,
733 2535 819 2586 furtim
833 2553 878 2600 pro
891 2553 931 2600 se,
943 2545 1075 2604 uxoribus,
1086 2548 1176 2600 illisve
1185 2554 1228 2604 aut
1237 2557 1299 2607 aliis·

264 2594 405 2656 accipiunt,
417 2595 501 2646 contra
512 2601 666 2649 voluntatem
677 2603 771 2654 domini
782 2609 916 2668 prudenter
926 2615 1109 2673 presumptum.

294 2663 327 2710 Ut
337 2666 420 2712 autem
429 2665 555 2724 judicetur
568 2670 600 2717 de
614 2673 740 2722 voluntate
752 2675 920 2736 dominorum,
940 2691 968 2726 ac
979 2679 1083 2745 proinde
1104 2697 1136 2732 an
1154 2693 1237 2746 gravia
1251 2698 1293 2745 vel

263 2727 330 2780 levia
340 2733 389 2780 sint
399 2734 452 2784 haec
463 2737 611 2786 famulorum
623 2741 698 2802 furta,
710 2743 741 2791 ad
751 2745 981 2808 restitutionemque
993 2751 1102 2811 obligent
1112 2767 1201 2818 necne,
1213 2761 1297 2810 atten-

264 2797 371 2848 dendum
383 2815 414 2850 an
428 2805 520 2853 domini
535 2807 634 2857 tenaces
648 2811 698 2858 siut
710 2813 738 2860 et
749 2813 837 2874 rigidi,
853 2815 881 2863 ut
891 2817 948 2864 suut
966 2817 1089 2870 ordinarie
1104 2823 1201 2884 qnando
1212 2831 1293 2890 agitur

264 2865 296 2914 de
306 2867 381 2918 furtis
393 2873 515 2934 pecuniae,
526 2875 589 2936 vini,
601 2877 743 2938 linteorum,
756 2883 819 2941 ete.;
831 2895 863 2930 an
871 2883 930 2933 vero
942 2890 1053 2945 generosi
1064 2891 1089 2938 et
1098 2891 1222 2943 liberales.

294 2935 390 2985 Priores
400 2942 535 2991 concedere
554 2941 633 2994 solum
648 2950 780 2996 censentur
801 2951 867 2999 levia
888 2956 1028 3018 esculenta,
1048 2956 1119 3008 modo
1138 2975 1188 3011 uon
1203 2965 1295 3028 dilapi-

221 3052 227 3064 ·
263 2999 356 3060 danda,
368 3018 446 3066 eaque
457 3013 569 3072 accipere
576 3015 623 3062 sibi
632 3018 780 3075 permittunt
790 3018 876 3068 famuli
888 3023 963 3070 etiam
974 3025 1160 3076 timoratissimi.

294 3069 443 3123 Posteriores
453 3076 512 3126 veri
523 3081 596 3140 paulo
607 3083 712 3143 majora,
724 3087 836 3134 ciborum
849 3090 975 3152 reliquias,
990 3093 1138 3143 famulorum
1147 3100 1292 3156 parentibus

262 3133 291 3182 in
300 3136 400 3189 domum
410 3143 503 3194 domini
517 3144 704 3198 advenientibus
712 3155 876 3213 apponendas.

293 3205 342 3256 Sed
352 3215 470 3271 arguendi
481 3213 555 3276 saepe,
565 3219 591 3265 et
599 3219 732 3268 venialiter
751 3225 855 3281 peccant
871 3221 951 3286 quoad
964 3228 1063 3276 modum
1080 3229 1106 3274 hi
1129 3227 1231 3292 famuli3
1241 3245 1290 3286 nec

261 3271 361 3326 facilius
371 3274 385 3326 'a
395 3282 552 3331 restitutione
563 3287 607 3333 aut
616 3287 793 3344 condonatione
803 3292 910 3350 petenda
921 3295 1047 3342 eximendi
1059 3295 1116 3342 sunt
1128 3297 1170 3355 qui
1181 3311 1208 3346 se
1217 3305 1289 3362 quasi

261 3339 373 3392 domium
384 3346 469 3395 dicunt
478 3352 636 3412 constitutos,
648 3356 674 3401 et
685 3357 715 3402 ob
726 3357 825 3418 longum
841 3359 1000 3418 tamulatum,
1012 3363 1215 3416 condonationem
1226 3385 1292 3432 prae-

261 3405 369 3472 sumele,
382 3414 439 3472 ete,
449 3418 625 3477 quamvlspost
635 3419 740 3480 lactum,
751 3425 801 3472 imd
813 3423 827 3473 ὲ
838 3427 909 3474 domo
918 3428 1029 3489 exitum,
1040 3432 1174 3492 saepissime
1183 3439 1209 3487 et
1218 3444 1287 3502 quasi

261 3477 394 3542 ordinarit,
403 3483 545 3542 petentibus
557 3485 612 3533 heri
624 3487 764 3539 haeredesre
775 3502 861 3542 eorum
872 3495 1018 3545 condonent.

291 3544 342 3600 Nee
350 3551 483 3600 excusandi
494 3554 537 3614 qui
546 3551 612 3604 unii
626 3557 779 3608 voluntatem
788 3562 953 3627 dominorum,
962 3569 1012 3616 uisi
1018 3569 1068 3618 sint
1077 3573 1225 3638 avarissimi,
1236 3573 1289 3628 iiu-

261 3615 309 3667 tim
317 3620 436 3678 jumentis
445 3634 531 3672 eorum
540 3625 660 3685 pabulum
670 3627 790 3688 praelrent.

283 3683 322 3736 'ut
330 3687 371 3739 liic
381 3692 440 3741 nota
447 3695 572 3754 operarios
586 3698 612 3745 et
629 3697 745 3758 opifices,
756 3701 905 3753 famulorum
923 3705 984 3758 furti
995 3719 1049 3760 esce
1059 3708 1125 3773 saepe
1135 3713 1288 3774 participes,

260 3756 306 3816 qul
316 3757 342 3804 et
351 3761 493 3810 vanioribus
502 3764 663 3822 praetextibus
670 3781 697 3815 se
707 3769 852 3822 detendunt.

291 3823 322 3871 nt
332 3823 417 3882 niun
428 3829 485 3878 sunt
495 3830 581 3900 tamnu
592 3836 635 3896 qu
646 3835 741 3890 occure
751 3842 800 3892 snt
810 3848 969 3908 conpensant
976 3847 1023 3898 suo
1032 3849 1135 3900 ostentu
1147 3841 1212 3912 qnod
1221 3851 1287 3901 sato-

262 3891 671 3964 rrmnonoeerpisnteonpruum.
767 3957 769 3964 ,
