2932 4658
308 309 378 386 318
564 329 619 382 nn
638 319 816 394 ooruro'
830 319 1069 380 remunero

306 416 381 473 sectis
391 417 413 470 si
422 411 668 486 bostltelias'irabeat
677 427 761 466 nares.
776 414 824 464 Sed
833 415 925 464 milites
936 415 963 464 id
976 427 1027 464 non
1037 409 1231 475 possuntlaccrc
1240 409 1268 464 io
1278 413 1327 464 ont

306 484 962 550 nari,utnonincidantcumeiinmanushostinnr3
1094 523 1095 526 ,
1252 495 1255 500 ·

335 561 385 608 Nec
395 558 438 620 qni
452 552 574 606 coarcere
584 567 634 604 oon
652 553 760 619 exeunt,
770 553 819 602 nisi
829 553 954 602 innocenti
964 551 992 601 id
1003 550 1107 601 suadeat
1122 549 1213 600 bonurn
1227 550 1329 612 reiigio-
1406 599 1409 604 ,

306 628 434 687 nis‚etc.;
1183 638 1185 644 ¹

335 699 384 745 Nec
394 697 438 756 qui
447 694 574 742 remanent
583 693 611 740 in
619 689 698 752 patrii
708 686 765 740 clun
774 703 818 752 pro
826 691 933 740 ‹fldevita
942 689 1112 752 periclitatum

274 804 275 808 ,
334 767 384 813 Nec
395 763 537 824 aegrotantes
546 761 603 824 qni,
614 761 645 808 ad
654 761 758 808 mortem
769 760 894 809 vitandam
904 759 951 806 sibi
967 771 1016 806 non
1026 757 1158 818 procurant
1167 755 1277 804 remedia
1286 755 1326 804 in-

306 834 391 893 solita,
402 833 445 880 ant
454 825 577 888 muitdm,
588 828 680 878 attenta
692 827 846 887 conditione,
856 829 976 888 pretiosa3
987 828 1028 874 tei
1039 821 1146 874 muttrlm
1161 824 1285 884 difficilia,
1296 824 1326 871 ut

306 903 405 952 acerbos
415 901 552 958 cruciatns;
562 899 603 946 tel
613 897 723 946 remedia
733 893 747 944 a
757 897 861 956 quibus,
879 896 961 956 inquit
975 896 1061 943 Theoi.
1078 896 1187 954 Pictam,
1205 891 1328 953 pudicitia

305 968 376 1022 vaide
387 970 510 1027 abhorret,
521 968 657 1014 nisitamen
667 966 716 1014 sint
725 977 835 1026 persone
844 965 950 1025 publice
960 965 1023 1011 hono
1033 962 1158 1011 communi
1170 957 1241 1010 valde
1251 961 1328 1008 utiles

322 1041 332 1089 t
358 1039 410 1086 nasi
420 1037 572 1086 necessaria.

306 1054 320 1109 ‘e
336 1054 410 1157 decis
420 1107 441 1154 si
450 1105 567 1153 moderati
578 1103 684 1152 debeant
695 1114 747 1149 esse
759 1101 861 1148 dolores.
874 1100 940 1160 Quin
950 1100 976 1148 et
986 1099 1047 1150 tunc
1062 1099 1155 1150 invitus
1164 1097 1325 1169 polestcpgi,

306 1176 459 1226 demandato
469 1187 557 1224 eornm
565 1173 686 1235 quitilius
696 1183 780 1219 curam
791 1170 888 1230 gerunt.
900 1171 982 1220 (tollet.
1025 1213 1027 1218 t
1043 1175 1044 1179 ’
1072 1167 1084 1174 ’

699 1326 872 1394 secuto
887 1329 933 1392 11.

543 1475 593 1546 'ne
603 1494 724 1545 occisione
735 1493 779 1543 aut
792 1492 947 1542 mutilatione
957 1474 1083 1542 aiiornms

272 1675 273 1683 ’
308 1691 310 1698 >
345 1661 421 1726 etr.
439 1653 581 1722 Pmorcn
604 1651 784 1739 auctoritate
801 1647 1016 1716 malefactores
1031 1644 1324 1728 occiderelicitom,
1346 1691 1347 1694 κ

306 1755 361 1823 sed
375 1751 511 1843 graviter
525 1763 666 1842 peccaret
680 1747 774 1835 judex
782 1745 835 1838 qui
845 1744 927 1812 ultrei
941 1742 1081 1816 debitum
1095 1741 1220 1836 puniret
1229 1757 1324 1810 nota*

306 1850 427 1928 biliter,
443 1846 662 1936 restituereque
675 1857 830 1910 teneretur
840 1832 945 1926 [527]

346 1944 408 2014 Ast
420 1945 578 2034 nunquam
591 1939 675 2022 licet,
692 1936 783 2004 etiam
800 1933 979 2000 auctoritate
988 1929 1130 2024 publici,
1146 1928 1264 1996 directe
1278 1928 1325 1994 in-

305 2056 467 2110 nocentem
479 2037 706 2114 occideremur
716 2033 791 2122 ergo
802 2027 1111 2106 rabiosossuffocare,
1127 2021 1328 2090 etiam'brev'r

304 2137 485 2213 morituros3
504 2159 567 2200 non
579 2131 702 2199 tradere
713 2127 831 2196 directe
841 2125 891 2209 (a)
903 2139 1033 2211 tyranno
1042 2119 1235 2188 innocentem
1245 2117 1325 2186 occi·

307 2233 452 2312 dendum,
468 2229 525 2297 etsi
539 2229 579 2295 ad
589 2225 770 2294 salvandam
780 2219 928 2316 patriam.

345 2326 539 2396 Auctoritate
561 2326 636 2391 verb
657 2321 777 2414 privata
791 2315 933 2384 occidere
957 2313 1075 2400 (etiam
1091 2307 1323 2377 malefactorem

305 2421 460 2520 publicum
476 2422 524 2506 (b)
539 2417 617 2502 ,nisi
632 2411 807 2524 permiserit
817 2410 916 2500 'judex
925 2411 957 2493 ),
970 2405 1187 2498 gravissimum
1199 2402 1320 2484 scelus,

305 2523 403 2613 cujus,
420 2543 489 2587 cum
502 2527 711 2608 proportione,
726 2505 876 2572 indirect'e
888 2503 934 2570 rei
949 2517 1020 2568 sunt
1086 2509 1087 2514 ’

344 2615 480 2696 Medici,
494 2605 691 2684 obstetrices,
708 2615 786 2677 etc,
810 2596 953 2664 custodes
966 2596 1179 2678 infirmorum,
1201 2597 1272 2663 edm
1283 2618 1322 2662 ex

302 2713 436 2794 inscitia,
451 2699 648 2796 negligentia,
658 2712 731 2778 etc,
746 2692 881 2788 graviter
893 2689 1052 2798 culpabili,
1064 2689 1115 2760 vel
1125 2689 1227 2759 soldrn
1232 2687 1321 2781 aegris

304 2809 414 2878 nociva
427 2802 609 2899 praebentes,
627 2807 759 2861 mortem
774 2813 881 2857 eorum
893 2800 1032 2881 parrunt;
1225 2797 1227 2800 “

282 2931 294 2964 -r
345 2901 389 2972 Et
403 2900 455 2994 qui
469 2892 605 2964 vacando
616 2891 661 2957 rei
677 2888 769 2956 etiam
781 2883 886 2966 licitae,
902 2882 957 2950 sed
970 2881 1150 2976 periculosae
1161 2891 1170 2964 ,
1183 2905 1246 2948 non
1262 2877 1321 2946 ad-

302 2997 411 3064 hibent
424 2999 558 3070 tantam,
573 2999 733 3081 quantam,
750 3006 790 3048 ne
807 2993 958 3062 noceant,
972 2978 1109 3070 gravitas
1122 2975 1254 3070 periculi
1268 2999 1322 3042 re·

304 3090 400 3186 quirit
411 3085 613 3178 diligentiam.
790 3169 792 3174 Α
1003 3117 1005 3120 -
1257 3075 1258 3078 ’

287 3215 291 3227 ·
343 3185 388 3255 Et
398 3181 594 3252 eadem·cum
607 3173 805 3271 proportione
828 3169 958 3240 dicenda
972 3168 1012 3236 dc
1029 3161 1238 3241 mutilatione,
1254 3183 1323 3227 ver-

302 3281 461 3356 beratione
476 3291 506 3346 et
515 3270 756 3342 incarceratione
769 3269 809 3350 ab
829 3268 869 3336 iis
889 3266 971 3334 facta
986 3261 1041 3353 qui
1057 3269 1242 3352 potestatem
1258 3281 1322 3326 non

303 3375 429 3445 babent.
1140 3441 1144 3446 ,

286 3477 289 3496 '
341 3471 469 3538 Habent
480 3481 581 3537 autem
593 3479 693 3560 pater,
710 3477 821 3540 mater,
837 3469 931 3534 tutor,
942 3449 1101 3542 magister,
1118 3447 1260 3544 superior
1266 3447 1321 3536 [re

303 3568 483 3661 ligiosorum
497 3565 556 3650 (c).

341 3663 406 3732 ch
415 3679 487 3731 nota
497 3683 625 3754 peccare
636 3655 745 3726 saltem
758 3645 917 3719 venialiter
936 3643 991 3738 qui
1003 3642 1118 3713 bestias
1129 3638 1315 3742 occidendo,

300 3783 363 3833 non
376 3759 556 3828 abstinente
571 3751 761 3832 crudelitate,
776 3740 907 3844 ‘lubili
921 3757 967 3812 est
979 3734 1176 3835 inordinatus·
1188 3731 1316 3804 dominii

301 3853 424 3926 abusus.
