2984 4666
594 309 838 386 nnonnoori
1162 311 1230 404 257
1257 331 1262 339 ·

196 411 308 504 'juveni
319 467 327 496 ,
339 441 370 482 v.
386 439 419 506 g.
432 467 440 497 ,
454 429 490 483 ut
508 413 660 484 alliciatur
684 417 725 486 ad
746 415 946 510 ponderando
967 420 1083 488 motiva
1106 420 1230 512 peecata

205 507 383 576 confitendi.

246 603 281 672 N
283 630 335 686 eo,
350 617 384 670 ut
398 603 467 696 quis
480 627 567 672 sacra
576 629 638 672 uon
652 606 806 700 profanet.
873 655 880 660 -

201 755 209 778 ,
246 695 335 780 Neo,
350 714 383 766 ut
396 724 457 766 non
468 697 767 792 eligaturindignus.

246 790 316 860 Nec
324 792 400 860 dare
413 791 572 885 spirituale
582 819 620 861 ex
629 793 836 876 metu‚modo
846 817 909 862 non
919 819 956 864 ex
966 795 1051 865 metu
1061 795 1232 887 temporale
1309 793 1312 796 ’

198 865 402 978 latiquodnon
416 887 587 960 onnon.
832 897 837 907 ¹

246 979 316 1050 Nec
328 983 401 1053 dare
412 997 465 1049 aut
477 982 658 1074 promittere
668 981 1002 1076 temporale‚petendo
1012 983 1131 1078 alitprid
1142 983 1238 1078 spiri.

204 1075 286 1144 tuale
299 1129 308 1158 ,
323 1091 356 1147 ut
375 1077 544 1159 orationes,
559 1077 654 1166 modi)
667 1077 787 1144 nullum
801 1077 842 1146 sit
862 1093 986 1172 paetum
1007 1093 1060 1146 aut
1080 1079 1230 1148 motivum

205 1171 407 1240 simoniacum
420 1171 481 1256 (α).

245 1265 317 1335 Nec
335 1267 478 1334 conferre
492 1265 666 1358 spiritualia
677 1262 716 1334 iis
740 1269 759 1334 'a
780 1267 892 1360 quibus
908 1268 1091 1362 temporalia
1113 1267 1232 1362 aceepi-

203 1361 292 1444 mus,
306 1363 401 1430 modo
414 1387 477 1428 non
487 1379 519 1430 ut
534 1362 639 1429 stricti
656 1362 780 1446 debita,
802 1363 906 1432 necin
927 1363 1228 1458 compepsationem,

203 1457 310 1524 sodex
323 1459 403 1549 puri
420 1456 622 1552 gratitudine.

246 1549 317 1617 Neo
335 1551 517 1662 simpliciter
532 1577 565 1620 se
579 1551 796 1620 commendare
809 1575 868 1645 pro
881 1551 1042 1620 beneficio.

245 1639 316 1715 Nec
326 1673 442 1718 servire
456 1673 514 1744 pro
528 1671 583 1744 spe
594 1647 847 1716 remunerationis
858 1647 985 1742 praecise
997 1675 1034 1717 ex
1043 1644 1231 1740 gratitudine

204 1740 388 1830 tribuendae.
683 1811 686 1820 ,
883 1805 884 1808 ,
983 1815 986 1822 ,
1030 1823 1039 1832 μ
1196 1824 1198 1828 .

245 1833 314 1904 Nee
329 1833 408 1904 ‘dare
421 1835 620 1916 beneficium,
634 1833 740 1903 habito
759 1852 902 1929 respectu
917 1835 1046 1930 praecisi
1059 1837 1101 1906 ad
1116 1833 1231 1908 instan-

203 1928 278 1999 tiam
292 1929 418 1997 factam.

244 2017 314 2092 Nec
328 2022 468 2115 accipere
478 2020 658 2114 pensionem
671 2047 728 2115 pro
738 2023 910 2116 sumptibus
919 2021 1107 2105 noviciatiis,
1122 2023 1172 2092 vel
1188 2025 1230 2092 au

203 2117 453 2186 sustentationem
478 2131 547 2209 post
570 2116 809 2209 professionem,
830 2117 857 2182 si
876 2115 1098 2184 monasterium
1111 2142 1231 2212 pauper

203 2211 262 2294 sit,
279 2208 373 2280 molo
392 2227 493 2278 tamen
507 2213 652 2300 tanquam
667 2207 889 2290 conditionem,
909 2234 972 2276 non
985 2211 1060 2276 veri)
1082 2237 1139 2305 pro
1159 2214 1230 2304 jure

203 2307 245 2376 ad
258 2305 526 2392 sustentationem,
550 2303 686 2397 quiajos
705 2301 783 2371 illud
802 2303 894 2371 statui
909 2303 1055 2396 religioso
1077 2329 1230 2377 annexmn

204 2417 314 2566 altNee
337 2492 477 2589 accipere
495 2493 682 2602 stipendium
703 2491 771 2584 lege
794 2491 844 2560 vel
863 2493 1229 2588 consuetudinelogisimt

203 2594 418 2686 statutumpro
429 2589 608 2657 muneribus
623 2587 852 2666 ecelesiasticis;
865 2589 958 2656 modo
968 2613 1030 2656 non
1041 2589 1073 2656 in
1087 2617 1229 2686 compen-

203 2687 374 2768 sationem,
387 2690 444 2766 neo
465 2685 636 2752 functiones
651 2698 849 2750 exerceantur
867 2710 904 2749 ex
917 2683 1034 2751 motivo
1057 2684 1201 2778 stipendii
1218 2740 1227 2771 ,

193 2782 344 2872 ¹absitque
358 2780 456 2847 omnis
466 2779 569 2872 pactio
584 2778 623 2844 ab
637 2775 780 2844 Ecclesii
794 2777 1018 2870 prohibita(h).

245 2871 316 2942 Nec
328 2871 453 2938 tandem
467 2871 598 2938 simonia
609 2885 654 2937 est
671 2870 697 2936 si
708 2870 879 2964 temporale
902 2873 990 2942 detur
1015 2873 1055 2940 ad
1076 2875 1229 2944 redimen-

207 2969 279 3039 dam
310 2966 454 3056 injustam
481 2965 691 3046 vexationem,
714 2965 829 3032 fractam
853 2966 885 3031 in
914 2970 982 3059 jure
1010 2984 1094 3038 certo
1117 2986 1147 3038 et
1162 2973 1228 3062 jaim

207 3061 369 3156 acquisito,
386 3062 426 3129 ad
441 3059 637 3128 beneficium.

246 3157 344 3226 Secus
361 3149 438 3225 siud
456 3157 513 3222 hoc
525 3151 684 3248 spirituale
699 3147 789 3222 ‹letur
799 3156 857 3239 (c).

245 3253 355 3322 Nota:
372 3251 467 3320 vetuit
491 3251 542 3336 (d)
566 3249 773 3318 Lateranense
783 3249 854 3329 lV,
875 3251 992 3343 aliquid
1004 3277 1061 3344 per
1071 3253 1231 3322 substraca

204 3346 319 3414 tionem
335 3345 497 3416 ministerii
509 3345 650 3437 exigere,
671 3345 795 3413 etiami
816 3346 980 3428 divitibus,
997 3347 1095 3413 titulo'
1108 3367 1229 3416 susten·

204 3440 347 3522 tationis,
363 3443 403 3508 ad
417 3441 588 3535 sepulturas
603 3454 633 3507 et
648 3439 813 3533 orequias,
829 3441 1094 3532 matrimoniisque
1104 3441 1229 3508 benedi·

206 3535 350 3605 cendum.
375 3537 512 3603 Multum
533 3539 609 3626 ergo
628 3535 810 3628 delinquunt
826 3537 880 3626 qui
899 3536 964 3602 lraec
979 3553 1008 3602 et
1023 3535 1151 3615 similia,
1167 3563 1228 3604 non

205 3628 266 3698 nisi
279 3645 437 3696 numerato
446 3635 534 3696 autea
546 3629 661 3722 pretio,
673 3631 855 3697 concedunt.

237 3789 273 3852 (α)
285 3791 333 3836 Neo
343 3787 400 3836 (iare
412 3790 542 3848 temporale
555 3791 599 3835 suit
611 3802 653 3850 spe
664 3789 789 3836 obtinendi
802 3788 927 3848 spirituale
937 3788 1009 3838 tituto
1018 3786 1132 3836 amicitia·¹
1143 3759 1224 3850 etern-

206 3859 332 3918 titudinis3
344 3859 402 3919 quia
414 3858 459 3906 etsi
471 3859 603 3919 temporalo
617 3860 649 3906 sit
664 3859 783 3904 motivum
798 3856 925 3904 obtinendi
945 3857 1089 3916 spirituale,
1107 3861 1144 3907 est
1159 3859 1226 3908 atiud

289 3943 311 3976 1.
709 3957 711 3968 ·
999 3968 1006 3981 .
1078 3945 1180 3994 17..-
