2990 4672
177 441 179 446 -
286 387 354 480 rie
607 391 994 464 recommissum
1089 463 1097 474 ,

277 499 370 579 sites,
390 520 461 590 pars
474 496 613 584 eligenda
623 499 739 582 tutior,
755 524 810 567 seu
823 524 891 592 quae
902 503 920 566 ai
931 493 1079 595 peccandi
1089 499 1230 598 periculo
1244 524 1315 570 ma·

226 651 235 671 ,
279 600 327 687 gis
348 608 516 661 removeat.

320 690 385 758 Sed
399 689 486 783 prius
500 689 682 784 deponenda
694 689 902 784 perplexitas,
922 689 949 757 si
963 689 1003 758 sit
1017 689 1184 759 vincibilis.

106 837 141 878 .··
164 819 185 839 -·
319 785 424 878 Magis
451 801 555 853 autem
578 797 609 852 et
625 790 728 852 minus
748 800 850 852 tutum
871 785 1040 852 aestimatur
1065 799 1094 854 et
1118 813 1155 854 ex
1185 789 1309 880 magni-

141 913 155 926 ·
176 907 199 924 ··
276 879 384 948 tudine
403 879 478 950 mali
496 896 551 948 aut
572 879 722 973 gravitate
742 880 863 973 peccati
877 881 962 974 quod
985 880 1127 950 imminet
1141 898 1195 950 aut
1213 884 1310 956 time-

276 991 349 1052 ture
606 1023 610 1030 ·
789 1007 793 1023 ¹
1071 1019 1073 1024 ·

317 1069 362 1138 Et
376 1067 516 1140 eristius
530 1069 607 1137 mali
619 1083 681 1137 aut
694 1069 815 1166 peccati
833 1069 1103 1141 verisimilitudine
1127 1088 1158 1141 et
1176 1073 1309 1168 propin·
1366 1067 1369 1074 ’

276 1167 399 1258 quitate
410 1166 473 1251 (a).
1166 1169 1168 1174 ’

322 1261 419 1352 Qubd
433 1261 461 1328 si
476 1287 514 1329 ex
527 1263 589 1328 und
601 1276 691 1353 parte
701 1259 820 1328 malum
832 1259 979 1328 timeatur
993 1261 1137 1352 gravius,
1157 1277 1187 1330 et
1201 1263 1242 1331 ab
1256 1264 1309 1332 al·

275 1358 471 1442 toraminas,
491 1358 546 1425 sed
556 1356 778 1452 propinquius,
794 1356 1217 1450 commorandum-quodnam
1227 1384 1308 1456 prae-

277 1451 379 1521 valeat
390 1454 450 1538 (b).
777 1533 780 1538 Ι
1153 1531 1155 1538 Α
1196 1449 1200 1458 ’

318 1549 355 1616 ln
369 1575 481 1640 genere
497 1564 686 1643 praeceptum
701 1545 857 1628 divinum,
877 1547 1012 1614 humano
1021 1581 1031 1630 3
1051 1548 1209 1634 naturale,
1226 1544 1310 1646 posi·

187 1671 192 1679 ·
274 1641 360 1721 ti'vo;
385 1645 579 1736 negativum,
606 1643 813 1720 affirmativ03
832 1641 979 1730 justitiae,
999 1641 1181 1724 charitatis;
1201 1643 1309 1714 ohari-

275 1739 370 1818 tatis,
393 1737 572 1828 religionis;
603 1737 770 1830 superioris
788 1736 942 1830 supremi,
971 1737 1141 1834 superioris
1159 1739 1308 1810 subordi-

275 1833 356 1910 nati‚
376 1833 494 1900 caeteris
505 1832 651 1926 paribus,
670 1831 898 1924 praeferendum
912 1847 969 1900 est.

210 1905 222 1927 ⁴
294 1939 298 1945 ’
315 1925 427 1997 Nota:
455 1925 492 1995 Si
516 1925 704 2022 perplexitas
720 1925 837 1994 oriatur
853 1954 890 1994 ex
904 1925 993 2020 gravi
1006 1927 1195 2022 negligentid
1219 1929 1304 2000 edis-

276 2023 385 2104 cendi,
405 2024 565 2108 centritio,
581 2050 674 2118 quam
685 2024 718 2091 in
735 2023 942 2118 perplexitate
950 2023 1064 2118 agendi
1078 2027 1242 2097 nec‘essitas
1256 2016 1308 2095 in·¹

274 2146 384 2216 gerere
396 2121 506 2205 debet,
525 2148 587 2193 non
600 2121 713 2190 liberat
732 2123 772 2190 ab
787 2120 979 2212 obligatione
991 2123 1158 2217 reparandi
1167 2124 1305 2208 damna,

275 2217 302 2284 si
317 2244 386 2310 quae
399 2219 473 2310 ind'e
488 2217 642 2297 oriantur,
661 2241 794 2312 quorum
806 2233 841 2285 ut
852 2243 944 2286 eausa
955 2217 1067 2286 baberi
1082 2217 1193 2304 debeat
1208 2219 1310 2314 negli-

275 2313 390 2404 gentia.
411 2310 497 2383 Nam
510 2313 693 2410 poenitentia
712 2339 776 2382 non
791 2312 874 2396 tollit
886 2313 978 2384 illum
992 2315 1150 2384 effectum.

308 2478 344 2542 (a)
356 2480 398 2528 sie
407 2480 436 2528 in
449 2480 526 2530 dubio
535 2480 566 2528 de
577 2480 705 2528 validitate
717 2481 879 2542 matrimonii,
891 2477 1014 2532 ordinarie
1022 2479 1190 2541 maestarum
1200 2483 1238 2532 est
1252 2495 1306 2532 ree-

275 2549 350 2610 pectu
360 2549 506 2608 dubitantis,
517 2549 630 2598 debitum
641 2549 738 2610 petenti
747 2550 865 2611 reddere;
876 2552 934 2612 quie
944 2552 1073 2614 peecatum
1083 2549 1211 2607 iniustitia
1221 2585 1229 2611 ,
1239 2553 1314 2620 quodq·

276 2617 340 2666 esset
348 2618 374 2666 in
384 2618 544 2678 denegatione
557 2617 651 2678 debiti,
663 2618 743 2676 maius
754 2620 792 2668 est
802 2621 905 2679 peceato
915 2617 1211 2678 simplieis'iornicatienis
1221 2620 1304 2680 ,quod

275 2687 340 2734 esset
350 2687 377 2734 in
387 2685 441 2746 eius
451 2687 589 2735 redditione
599 2701 607 2748 3
618 2687 644 2735 et
653 2688 674 2734 ri
689 2688 874 2736 matrimonium
886 2685 962 2747 magle
975 2687 1137 2747 probabiliter
1146 2688 1257 2738 vetitum
1271 2691 1304 2738 sit

274 2750 464 2816 quintinum,
475 2756 608 2816 peccatum
617 2756 785 2822 denegationis
791 2757 870 2806 debiti
879 2757 944 2804 esset
951 2749 1032 2804 editio
1040 2756 1206 2812 'verisimilius
1212 2759 1238 2808 et
1245 2771 1304 2818 pro-

274 2821 489 2884 nequiuerint
509 2822 586 2886 magis
606 2825 665 2874 tuta'
679 2839 712 2873 ex
730 2825 825 2888 duplici
845 2826 891 2873 hoo
907 2825 989 2885 cupite
1010 2825 1175 2875 estimaretur
1197 2827 1309 2879 redditio.

227 2914 238 2933 ι
274 2893 363 2942 detriti.
952 2917 959 2951 ι,

306 2961 340 3022 (b)
352 2963 393 3010 Sic
401 2957 524 3010 ordinarit
535 2959 611 3021 neeis
621 2964 704 3012 tutum
723 2963 762 3011 est
772 2975 897 3024 exponere
913 2976 941 3012 se
958 2964 1071 3024 periculo
1084 2966 1181 3024 peceati
1199 2967 1305 3016 venialia

274 3029 466 3090 propinquioris,
476 3024 550 3091 quim
559 3031 669 3091 periculo
679 3032 774 3096 peceati
783 3033 894 3080 mortalis
905 3033 1126 3082 remotioris-Dent·
1223 3047 1225 3052 ·

738 3123 854 3136 ..ι--ιυ

320 3171 389 3258 167.
407 3164 497 3259 Ergb
511 3141 637 3249 iteiirm,
652 3165 691 3250 si,
707 3167 855 3236 adhibitis
869 3168 997 3248 mediis,
1013 3166 1169 3247 oratione,
1185 3166 1302 3234 contri-

272 3269 369 3350 tione,
378 3282 452 3350 ete,
465 3265 652 3362 perplexitas
666 3267 711 3336 itai
724 3280 893 3346 remaneat,
908 3279 942 3331 ut
956 3264 1051 3330 tutius
1064 3286 1127 3328 non
1140 3280 1300 3357 appareat,

273 3389 368 3460 agere
381 3363 607 3446 necessitatus'J⁴
620 3362 709 3457 quasi
723 3375 824 3440 sorte,
840 3356 1003 3426 directioni
1020 3355 1084 3424 Dei
1100 3381 1134 3426 se
1154 3358 1303 3428 commit-

272 3475 341 3527 tere
356 3457 464 3540 debet,
483 3473 513 3526 et
526 3459 630 3527 faeere
650 3457 733 3550 quod
747 3453 893 3522 occurrit.
922 3451 999 3520 Sola
1014 3451 1096 3520 enim
1108 3468 1182 3522 tunc
1193 3457 1301 3546 regula

273 3570 361 3636 tuta,
381 3553 575 3648 providentia
590 3568 635 3621 est
652 3549 774 3630 divina,
792 3571 850 3615 nec
863 3546 929 3640 agit
941 3546 996 3616 ille
1010 3553 1126 3620 contrat¹
1139 3548 1300 3645 eonscien-

274 3649 367 3732 tiam,
392 3650 447 3717 sed
463 3650 568 3744 potius
580 3647 681 3738 agitur
694 3657 757 3711 n'on
771 3643 882 3711 libere.

317 3743 362 3812 Et
385 3743 468 3813 idem
488 3749 507 3812 a
520 3740 643 3812 fortiori
656 3739 879 3824 'dicendumne
894 3765 931 3808 eo
944 3739 999 3834 qui
1013 3743 1140 3809 erronei
1154 3752 1241 3832 putat
1264 3759 1298 3806 se
1310 3757 1320 3764 ·“

275 3865 404 3934 peccare
417 3841 553 3934 agendo,
572 3837 759 3920 omittendo,
777 3831 926 3932 patiendo
940 3835 1114 3906 necessario
1126 3848 1245 3915 motus,
1262 3859 1300 3905 vr

276 3963 307 4028 g.
319 3991 325 4018 ,
336 3935 568 4032 primo-primos
583 3933 851 4032 eoncupiscentiae3
863 3949 916 4002 aut
929 3933 1064 4028 graviter
1076 3955 1109 3999 se
1121 3953 1251 4026 peccare
1265 3927 1301 3997 in

274 4029 281 4056 Ι
