2984 4666
257 347 325 454 196
528 373 583 456 nn
603 369 742 426 raino
762 366 998 426 remunero

295 453 339 550 ‘2⁴⁵⁴
362 449 429 528 Sub
449 455 540 550 gravi
562 467 607 528 ix·
625 473 830 550 geneceum,
854 459 949 527 iidem
967 456 1277 546 confiterierterihs,

253 555 373 650 quoties
386 568 425 622 ou
444 553 644 622 contusionis
660 553 827 622 omissione
840 552 1074 640 subtraheretur
1092 551 1192 622 honor
1205 553 1276 626 Deo

254 649 392 731 debitus,
410 647 458 717 nel
473 647 589 716 utilitas
595 647 740 742 'proximo
750 647 958 742 impendenda
971 681 979 728 ;
995 662 1045 731 ut,
1061 646 1089 715 si
1103 647 1176 716 hinc
1189 649 1276 720 Deus

252 747 365 836 magud
380 735 553 812 dficeretur
565 741 696 834 injurii,
728 767 843 834 magno
863 743 1038 836 privaretur
1051 742 1186 829 bonore,
1210 746 1276 812 rni-

251 849 396 908 nueretur
404 839 486 932 apud
496 836 634 906 infideles
651 837 834 919 existimatio
843 839 881 905 de
894 837 980 916 Deo;
995 853 1047 904 aut
1057 837 1084 922 si
1098 839 1276 908 crederetur

254 955 341 1016 cum,
358 932 412 1026 qui
425 933 519 1000 fidem
528 957 590 999 non
605 929 781 1014 confitetur,
799 932 968 998 fidemnon
981 929 1097 999 habere
1112 965 1120 1011 ;
1144 935 1171 1001 si
1183 936 1277 1004 vacil-

201 1093 210 1101 ,
252 1029 349 1097 lanies
362 1055 425 1096 non
449 1027 722 1095 corroborarentur
735 1026 785 1094 vel
807 1026 873 1116 jhm
894 1027 989 1094 diide
1004 1027 1098 1094 alieni
1112 1026 1146 1094 iu
1170 1055 1276 1100 errore

252 1125 507 1192 confirmarentur
518 1123 576 1207 (l).

292 1219 429 1288 Peccant
444 1220 517 1309 ergo
538 1215 674 1308 graviter
688 1216 758 1308 qui,
785 1215 878 1284 etiam
900 1215 1048 1312 privatim
1070 1232 1123 1287 aut
1143 1217 1272 1308 injusti,

252 1313 336 1382 circa
349 1314 459 1396 fidem,
478 1313 511 1380 in
524 1311 632 1380 odium
642 1309 820 1402 religionis,
835 1316 855 1378 ‘a
868 1315 1000 1404 persond
1013 1313 1153 1416 publici,
1168 1338 1273 1406 quam·

251 1409 298 1478 vis
322 1425 468 1502 tyranno,
487 1407 537 1476 vel
561 1406 663 1497 judice
691 1404 855 1498 illegitimo
876 1407 1072 1498 interrogati,
1097 1423 1198 1475 tacent
1220 1423 1274 1476 aut

250 1504 505 1596 tergiversantur.
530 1503 585 1571 Ad
611 1501 712 1570 minus
741 1501 823 1570 enim
845 1517 921 1569 tame
950 1501 1112 1571 Christum
1138 1503 1273 1574 erubes-

251 1615 323 1668 cunt
336 1602 394 1686 (c).
548 1599 551 1606 ’
637 1660 641 1680 ,
1041 1653 1048 1662 -
1116 1665 1119 1670 .

294 1695 374 1777 Sed,
390 1694 516 1763 seclusis
533 1692 659 1761 indubie
673 1692 725 1760 hic
738 1691 848 1786 positis
863 1708 894 1761 ct
908 1693 1060 1762 similibus
1074 1695 1211 1778 casibus,
1231 1693 1274 1762 il·-

251 1789 336 1858 licite
351 1789 419 1882 quis
439 1815 495 1882 per
513 1787 736 1856 eorrfessionem
749 1787 907 1880 publicam
921 1786 1079 1881 suppliciis
1094 1814 1127 1856 se
1139 1811 1273 1882 expone-

252 1898 316 1962 ret,
338 1908 407 1976 quae
420 1883 500 1952 forte
525 1908 587 1949 non
604 1899 708 1976 posset
721 1883 869 1964 tolerare,
886 1899 917 1950 et
934 1883 1087 1950 &fortiori
1106 1884 1136 1951 si
1154 1881 1273 1952 infideli

244 1979 378 2048 daretur
389 1977 509 2046 occasio
523 1977 688 2072 peccandi,
702 1977 834 2047 fidemve
846 1977 1062 2072 persequendi.

284 2147 322 2213 (a)
336 2147 363 2196 Si
370 2147 451 2198 restes
461 2144 552 2196 sectam
560 2139 575 2195 t
583 2143 650 2196 secli
660 2143 740 2195 solim
751 2147 888 2207 secernant,
898 2141 969 2206 'juxti
978 2147 1069 2196 multos
1080 2142 1162 2196 contri
1172 2147 1274 2212 multoc,

205 2241 210 2256 ·
252 2231 301 2268 non
310 2218 371 2267 licet
380 2229 421 2266 eas
430 2218 534 2277 gestare,
545 2216 574 2264 ut
581 2217 664 2264 ltornae
672 2217 767 2280 pileum
777 2216 878 2266 harum.
891 2216 939 2266 Sed
949 2217 970 2264 si
980 2217 1029 2266 sint
1038 2215 1155 2277 primario
1167 2219 1274 2268 nationis

252 2288 410 2346 distinctivae,
419 2286 465 2334 etsi
476 2297 522 2346 per
531 2285 653 2345 accidens,
663 2281 783 2333 indirecte
798 2285 824 2333 et
834 2283 978 2334 secundarit
986 2285 1077 2334 sectam
1088 2281 1177 2334 tsectt
1192 2300 1274 2336 secer·

252 2359 320 2416 nant,
330 2355 390 2404 licet
400 2354 494 2414 gestare
506 2365 556 2413 eas,
567 2354 615 2401 nisi
625 2354 683 2402 hinc
692 2355 765 2402 detur
773 2356 867 2402 occasio
873 2355 989 2404 credendi
1000 2357 1113 2416 negatam
1122 2369 1174 2404 esse
1185 2356 1273 2420 iidem,

250 2426 316 2489 quod
325 2423 466 2474 semdalnrn
476 2435 526 2470 non
537 2423 639 2471 excuset
647 2435 720 2471 causa
732 2424 920 2484 praeponderans
933 2435 978 2472 seu
987 2425 1133 2472 necessitas:
1145 2438 1170 2472 v.
1181 2437 1215 2485 g,
1223 2439 1273 2477 non

251 2497 337 2558 peceat
345 2488 428 2542 contri
442 2492 515 2540 iidem
523 2493 566 2554 qui
577 2493 608 2540 ad
619 2493 743 2542 vitandam
762 2493 958 2552 persecutionem
969 2505 1018 2540 non
1029 2493 1109 2540 defert
1116 2494 1211 2541 restem
1222 2496 1273 2543 cle-

250 2565 297 2614 rici
308 2565 352 2612 aut
360 2561 484 2623 religiosi3
499 2557 549 2610 imo
558 2574 605 2610 nec
616 2563 660 2622 qui
672 2563 783 2621 senseat
797 2561 915 2608 clericum
925 2562 969 2610 aut
978 2561 1135 2622 religiosum
1148 2563 1192 2612 sed
1202 2575 1274 2612 men-

214 2641 219 2648 “
250 2635 320 2684 titur.
763 2653 767 2657 ·
830 2631 833 2636 '
1071 2628 1074 2632 ’

280 2705 310 2752 et
319 2701 379 2750 licet
388 2711 437 2748 non
445 2697 546 2748 obedire
556 2695 660 2760 tyranno
670 2698 752 2748 vestes
760 2697 888 2748 distinctas
897 2699 961 2747 lerre
971 2697 1069 2758 iubenti
1078 2699 1107 2748 nt
1116 2701 1216 2761 puniat3
1231 2713 1273 2750 co·

249 2771 331 2821 mitari
345 2771 433 2818 herum
444 2768 576 2828 intemplo
592 2769 623 2816 ob
636 2769 782 2828 obsequium
792 2769 880 2828 cirile3
892 2767 955 2815 illud
972 2769 1066 2828 ingredi
1088 2769 1113 2817 et
1126 2769 1273 2820 'concionem

247 2840 345 2898 andire,
357 2837 506 2898 curiositatis
517 2835 599 2896 canet,
608 2837 679 2884 modo
688 2838 752 2886 absh
762 2837 902 2886 scandalum
912 2838 955 2886 aut
964 2839 1113 2886 seductionis
1123 2840 1272 2900 periculum,

248 2910 308 2959 utsi
325 2907 439 2968 plebeius
451 2906 593 2965 frequenter
609 2906 636 2953 id
654 2905 760 2966 laceret,
781 2907 824 2954 aui
834 2905 864 2954 et
880 2907 921 2954 die
934 2904 983 2967 qua
1004 2907 1079 2954 sciret
1099 2907 1139 2954 vel
1148 2905 1274 2955 dubitaret

248 2975 392 3026 concionem
402 2974 510 3021 futuram
528 2985 581 3021 esse
598 2969 683 3022 contrt
700 2975 817 3023 mfieulos
827 2975 859 3036 ¹in
870 2975 959 3036 qunus
978 2975 1089 3024 heretici
1106 2970 1121 3023 ia
1139 2976 1209 3026 nohis
1223 2976 1273 3024 clis-

248 3043 339 3092 sideni.

279 3110 348 3158 licet
358 3109 384 3158 et
394 3108 480 3169 lugere
490 3110 601 3172 tempore
612 3111 791 3170 persecutionis
802 3113 922 3174 exireque
933 3107 947 3160 e
958 3103 1072 3170 carcere,
1076 3109 1123 3156 nisi
1133 3109 1274 3168 concaptivi

248 3178 416 3228 confirmatore
426 3176 548 3240 destituti,
559 3174 629 3228 tuoe
638 3183 759 3230 recessuri
773 3181 965 3242 praevideantur.
978 3177 1029 3226 lmt
1040 3175 1169 3238 aliquando
1186 3178 1272 3234 lugere

246 3259 349 3298 necesse
358 3248 408 3307 est,
420 3247 441 3295 si
451 3243 569 3296 nimirinn
588 3249 727 3309 periculum
744 3251 816 3297 sitne
835 3247 982 3296 remanendo
993 3245 1053 3294 fides
1063 3244 1183 3310 violetur,
1197 3243 1272 3315 apici

248 3317 280 3366 ad
290 3317 394 3366 aliorum
405 3317 510 3364 salutem
521 3319 659 3366 necessaria
670 3320 704 3367 sit
713 3317 751 3367 sui
762 3317 922 3366 mreservatio.
1141 3375 1144 3380 ¹
1179 3375 1183 3380 Ι
1205 3366 1220 3380 „·

276 3386 338 3433 llota
349 3386 416 3432 :Non
426 3386 463 3432 est
472 3382 606 3434 secundum
618 3399 643 3434 se
656 3383 739 3436 contri
748 3387 822 3434 fidene
831 3383 895 3444 quod
906 3383 948 3430 uhi
955 3380 1069 3428 catholici
1081 3393 1137 3428 cunr
1148 3381 1274 3430 hereticis

246 3454 336 3513 mixti,
347 3454 451 3500 istorum
470 3455 618 3502 'comitentur
629 3455 724 3514 lunera,
738 3455 797 3514 quie
819 3453 865 3500 lroe
880 3447 947 3499 mere
964 3449 1040 3497 civile
1057 3450 1112 3510 est3
1130 3446 1196 3498 bend
1212 3447 1273 3499 rere

247 3520 314 3584 quod
323 3522 459 3569 catholicus
467 3523 532 3581 apud
538 3523 667 3572 haereticos
676 3524 758 3582 pulset
765 3532 863 3579 organa.
874 3523 947 3569 Deru.

277 3591 337 3638 Nota
346 3586 436 3639 iterim
448 3601 456 3638 a
467 3591 586 3650 Tempore
596 3591 736 3640 schismatis
744 3589 867 3648 gallicani,
876 3588 900 3635 S.
910 3590 937 3635 P.
946 3587 1004 3635 Pius
1015 3588 1047 3636 Vl
1055 3585 1182 3650 respondit
1197 3598 1273 3647 genu-

246 3655 397 3706 flectendum
407 3655 488 3708 coriam
498 3659 585 3706 hostiis
598 3659 629 3706 ab
640 3659 741 3706 intrusis
756 3658 918 3717 consecralis3
937 3657 980 3705 sed
990 3669 1022 3704 ne
1036 3669 1081 3719 per
1089 3657 1135 3706 hoc
1146 3655 1272 3705 rideretur

247 3737 304 3772 cum
312 3726 477 3776 schismaticis
488 3727 626 3786 immixtio,
636 3737 722 3774 curare
732 3725 856 3773 dehebant
866 3725 981 3774 catholici
988 3726 1017 3774 ut
1024 3724 1177 3774 declinarent
1184 3731 1270 3770 occur·

246 3805 302 3842 eum
314 3795 529 3845 schismaticorum.
539 3791 597 3844 cum
606 3795 648 3848 SS-
666 3793 851 3846 Sacramentum
861 3791 1100 3858 deler'ebanwomo
1114 3795 1142 3852 l,
1161 3803 1187 3852 p.
1204 3789 1270 3850 aot,

246 3861 398 3911 collectionis
407 3865 535 3928 Brevinm.
1017 3863 1019 3870 '
1104 3906 1107 3910 .

277 3931 337 3982 llola
348 3931 461 3983 nudem
471 3930 680 3990 tuscanonicem,
689 3926 1270 3994 tltnlodeludabrolatcnmtndeishaollcrc,
1288 3995 1290 4006 ,
