2948 4676
520 383 523 390 ,
554 331 862 412 emnrrnnrruit

196 503 1221 546 “·······-··-·---------’-----

593 631 822 710 supunna

378 799 412 834 D!
423 799 561 837 Pomm!
573 800 784 838 mmmmm!
798 804 910 840 1111018
923 806 1033 842 lumi·

236 955 306 1000 roa.
319 929 434 999 omes
451 928 628 1000 sacerdotes
651 931 695 999 ab
709 931 877 1002 ordinariis
897 935 1061 1028 approbati
1071 955 1218 1032 possunt,

190 1041 330 1121 temporo
343 1025 473 1116 jubilaei,
488 1027 651 1099 absolvere
663 1028 698 1095 in
710 1027 782 1096 foro
795 1029 1005 1124 poenitentiae,

234 1129 266 1189 1⁰
278 1124 334 1191 Ab
348 1123 492 1192 omnibus
502 1123 654 1218 peccatis,
669 1124 736 1194 sive
749 1125 849 1220 Papae
861 1127 928 1198 sire
939 1127 1106 1223 Episcopis
1120 1121 1221 1202 resen

190 1217 269 1286 vatis
283 1219 403 1288 ratione
416 1218 477 1286 sui.

231 1319 264 1380 2⁰
278 1315 333 1382 Ab
348 1313 492 1383 omnibns
506 1314 661 1396 censuris,
675 1315 768 1383 etiam
786 1319 828 1385 ob
841 1317 983 1402 tamine,
998 1320 1062 1389 imo
1080 1320 1120 1388 ab
1134 1318 1220 1390 eisin

189 1433 265 1502 quas
275 1411 345 1503 quis
359 1409 518 1481 incidisset
534 1409 815 1503 &promulgatione
827 1413 963 1500 jubilei,
975 1416 1033 1482 etsi
1046 1416 1220 1486 intuituab·

188 1503 371 1573 solutionem
383 1506 423 1572 ab
437 1505 482 1572 eis
493 1503 669 1586 obtinendi,
688 1504 783 1572 modo
801 1509 875 1573 vere
890 1509 1039 1576 contritus
1053 1508 1105 1576 sit.
1182 1537 1185 1542 ·

231 1599 297 1668 Sed
313 1599 457 1670 inBquis
470 1599 669 1692 jubilaeorum
683 1599 875 1692 excipiuntur
886 1601 1042 1670 ordinari'e
1056 1617 1218 1698 pecoatrnu

189 1693 346 1788 complicis
361 1695 395 1762 in
412 1695 545 1764 materii
554 1692 702 1779 luxuriae,
715 1691 746 1764 et
764 1694 1025 1787 irregularitates,
1040 1697 1217 1791 paucissal·

188 1801 251 1858 tem
262 1795 403 1885 expresse
419 1791 555 1884 exceptis
570 1791 634 1876 (α).

226 1886 426 1957 Absolutioni
440 1903 544 1956 autem
557 1885 707 1980 praemitti
719 1885 831 1970 debet,
843 1887 871 1956 si
885 1887 1050 1982 possibile,
1069 1889 1216 1959 satisfac-

186 1983 230 2051 tio
243 1984 325 2080 parti
336 1983 434 2066 laesae,
457 2000 511 2053 aut
525 2009 597 2052 cum
608 1984 644 2052 ea
656 1982 842 2066 transactio,
860 1999 890 2052 et
909 1984 1038 2052 intentio
1054 1983 1217 2076 juhilaeum

185 2079 347 2164 lucrandi,
366 2081 532 2174 omniaque
551 2079 592 2146 ad
615 2077 650 2145 id
675 2078 801 2174 praescri
825 2095 857 2146 ta
877 2079 1044 2172 implendi,
1073 2084 1215 2172 quamvis

184 2179 302 2272 postea,
315 2175 409 2244 etiam
419 2175 629 2270 culpabiliter,
641 2173 720 2242 illud
733 2105 891 2242 ahsoiutus
901 2199 964 2244 non
973 2175 1146 2244 lucraretur
1153 2178 1210 2262 (b).

216 2345 252 2410 (a)
263 2350 292 2396 ln
301 2351 456 2400 monneto
463 2349 582 2409 suspendi
591 2349 663 2408 solet,
675 2343 746 2397 extri
756 2349 868 2408 Romam,
879 2348 983 2398 facultas
989 2347 1132 2397 absolvendi
1142 2343 1214 2398 aea-

184 2417 253 2466 sibus
261 2420 331 2478 Papae
340 2421 479 2468 reservatis.
495 2419 544 2468 Sed
552 2419 693 2478 disputatur
701 2429 732 2465 an
744 2417 795 2466 tneo
804 2420 932 2480 suspensio
940 2418 1089 2468 extendatur
1097 2417 1214 2468 adsueui-

185 2487 249 2536 tates
258 2501 355 2549 quoquo
366 2489 437 2536 modo
445 2501 582 2538 concessas.
594 2492 668 2536 Dens.

214 2556 262 2604 Sed
272 2561 318 2616 ,nt
335 2557 424 2608 morito
442 2558 691 2616 observationem,
710 2557 756 2605 sub
770 2557 880 2617 genemli
894 2559 1056 2617 suspensione
1072 2569 1122 2604 non
1141 2569 1211 2606 eom-

98 2679 101 2687 ,
183 2627 369 2686 protenduntur
377 2628 571 2687 facultatesque
583 2628 727 2687 competunt
737 2628 863 2687 Episcopis
880 2629 975 2676 rationo
985 2628 1061 2675 officii
1072 2627 1136 2676 etde
1152 2627 1209 2684 iure

184 2699 316 2745 communi.
328 2699 421 2746 Saltem
431 2698 467 2745 sic
478 2697 587 2745 ridetur.
604 2695 666 2756 Ergo
676 2698 789 2756 Episcopi
808 2699 910 2756 possunt
919 2699 978 2744 tuno
987 2698 1014 2744 'et
1030 2707 1076 2755 per
1095 2707 1122 2742 se
1133 2696 1211 2755 etper

184 2763 306 2824 delegatos
314 2767 441 2816 absolvere
452 2761 573 2814 inesibus
583 2767 713 2826 Papalihus
724 2767 772 2812 sitsi
784 2766 916 2814 devolutis.

205 2829 250 2893 ¹(t)
260 2834 321 2882 Nota
331 2848 338 2880 ε
350 2835 404 2894 qui,
414 2835 626 2895 temporeinbilaei
633 2835 685 2892 jam
695 2835 836 2892 absolutus,
845 2835 873 2881 in
888 2832 987 2881 easdem
998 2841 1113 2880 censuras
1127 2828 1211 2902 mour-

184 2899 271 2960 risset,
281 2902 381 2965 videtur
391 2915 461 2962 posse
471 2899 563 2961 iterum
573 2905 604 2952 ab
614 2904 715 2963 eodem,
726 2903 768 2950 vel
777 2903 808 2950 ab
818 2903 867 2950 aiio
876 2901 1002 2950 sacerdote
1016 2901 1124 2961 absolvi,
1140 2899 1213 2950 modo

186 2965 294 3015 nondum
302 2968 413 3018 ineratus
423 2971 455 3018 sit
465 2971 603 3029 iubilaeum.
614 2974 666 3020 Hoc
677 2974 714 3020 est
725 2972 792 3020 enim
799 2971 895 3030 jubilei
903 2971 1071 3033 privilegium,
1081 2968 1148 3031 quod
1161 2981 1213 3020 om·

185 3037 301 3087 uosillud
311 3039 402 3089 lucrari
412 3042 513 3102 possint.
525 3045 584 3094 coll.
595 3044 695 3104 Audeo,
705 3043 788 3092 (tollet.

444 3310 670 3376 APPENDIX
690 3309 947 3374 GENERALIS.

383 3483 431 3518 ..tt
446 3483 563 3520 ὓΙῦΠιΙιΟ
576 3485 764 3521 Mennim
778 3483 992 3518 ΝΒΜΤΕΙΠΙΒ.

227 3616 295 3679 103.
313 3609 391 3681 Cuu
414 3613 853 3709 sacramentum-paenitentiae
876 3635 932 3704 per
944 3611 1076 3690 ,modum
1101 3603 1210 3695 judicii

181 3706 291 3774 secreti
301 3708 495 3776 sacerdotem
503 3709 585 3778 int'er
597 3724 631 3778 ut
644 3709 820 3777 ministrum
834 3703 971 3787 Christi,
984 3718 1014 3772 et
1028 3729 1116 3772 reum
1127 3702 1211 3773 ultr'o

182 3802 394 3888 confitentem,
414 3805 612 3888 conficiatur,
630 3807 669 3875 de
687 3831 724 3875 oo
737 3805 855 3874 factum
868 3815 967 3887 esset,
981 3800 1042 3872 nisi
1054 3816 1209 3871 secretum

181 3894 296 3968 inesset
310 3900 340 3968 ei
351 3896 543 3970 inviolabile.
1097 3963 1114 4018 6

264 3996 287 4031 '1
