<?xml version="1.0" encoding="UTF-8"?>
<!DOCTYPE html PUBLIC "-//W3C//DTD XHTML 1.0 Transitional//EN"
    "http://www.w3.org/TR/xhtml1/DTD/xhtml1-transitional.dtd">
<html xmlns="http://www.w3.org/1999/xhtml" xml:lang="en" lang="en">
 <head>
  <title>
</title>
<meta http-equiv="Content-Type" content="text/html;charset=utf-8" />
  <meta name='ocr-system' content='tesseract 3.04.00' />
  <meta name='ocr-capabilities' content='ocr_page ocr_carea ocr_par ocr_line ocrx_word'/>
</head>
<body>
  <div class='ocr_page' id='page_1' title='image "./theologiapracti00verngoog_0395.png"; bbox 0 0 2932 4658; ppageno 0'>
   <div class='ocr_carea' id='block_1_1' title="bbox 276 357 1182 452">
    <p class='ocr_par' dir='ltr' id='par_1_1' title="bbox 276 357 1182 452">
     <span class='ocr_line' id='line_1_1' title="bbox 276 357 1182 452; baseline -0.006 -20"><span class='ocrx_word' id='word_1_1' title='bbox 276 357 349 452; x_wconf 82' lang='lat'><strong>³76</strong></span> <span class='ocrx_word' id='word_1_2' title='bbox 413 377 468 434; x_wconf 84' lang='lat' dir='ltr'><strong>nn</strong></span> <span class='ocrx_word' id='word_1_3' title='bbox 486 378 670 434; x_wconf 81' lang='lat' dir='ltr'><strong>saarrmo</strong></span> <span class='ocrx_word' id='word_1_4' title='bbox 688 375 742 431; x_wconf 79' lang='lat' dir='ltr'><strong>aa</strong></span> <span class='ocrx_word' id='word_1_5' title='bbox 762 376 928 432; x_wconf 85' lang='lat' dir='ltr'><strong>uncrmo</strong></span> <span class='ocrx_word' id='word_1_6' title='bbox 949 375 1182 430; x_wconf 76' lang='lat' dir='ltr'><strong>anmcnrro</strong></span> 
     </span>
    </p>
   </div>
   <div class='ocr_carea' id='block_1_2' title="bbox 267 449 1303 1758">
    <p class='ocr_par' dir='ltr' id='par_1_2' title="bbox 267 449 1303 670">
     <span class='ocr_line' id='line_1_2' title="bbox 274 449 1303 529; baseline -0.006 -11"><span class='ocrx_word' id='word_1_7' title='bbox 274 467 349 519; x_wconf 85' lang='lat' dir='ltr'><strong>tando</strong></span> <span class='ocrx_word' id='word_1_8' title='bbox 359 449 467 529; x_wconf 52' lang='lat' dir='ltr'><strong>&amp;blicam</strong></span> <span class='ocrx_word' id='word_1_9' title='bbox 475 468 503 516; x_wconf 89' lang='lat' dir='ltr'><strong>in</strong></span> <span class='ocrx_word' id='word_1_10' title='bbox 513 465 710 529; x_wconf 81' lang='lat' dir='ltr'><strong>conscientii,et</strong></span> <span class='ocrx_word' id='word_1_11' title='bbox 718 465 835 516; x_wconf 81' lang='lat' dir='ltr'><strong>videntur</strong></span> <span class='ocrx_word' id='word_1_12' title='bbox 848 466 996 528; x_wconf 72' lang='lat' dir='ltr'>aequivalere</span> <span class='ocrx_word' id='word_1_13' title='bbox 1008 464 1144 514; x_wconf 70' lang='lat' dir='ltr'><strong>conductui</strong></span> <span class='ocrx_word' id='word_1_14' title='bbox 1153 477 1227 526; x_wconf 76' lang='lat' dir='ltr'><strong>quem</strong></span> <span class='ocrx_word' id='word_1_15' title='bbox 1236 463 1303 512; x_wconf 86' lang='lat' dir='ltr'><strong>tace-</strong></span> 
     </span>
     <span class='ocr_line' id='line_1_3' title="bbox 273 530 1302 596; baseline -0.005 -10"><span class='ocrx_word' id='word_1_16' title='bbox 273 538 331 586; x_wconf 85' lang='lat' dir='ltr'><strong>rent</strong></span> <span class='ocrx_word' id='word_1_17' title='bbox 341 535 406 584; x_wconf 87' lang='lat' dir='ltr'><strong>tuter</strong></span> <span class='ocrx_word' id='word_1_18' title='bbox 414 547 442 584; x_wconf 87' lang='lat' dir='ltr'><strong>se</strong></span> <span class='ocrx_word' id='word_1_19' title='bbox 450 534 618 596; x_wconf 83' lang='lat' dir='ltr'><strong>particadares.</strong></span> <span class='ocrx_word' id='word_1_20' title='bbox 626 534 693 582; x_wconf 81' lang='lat' dir='ltr'><strong>Fieri</strong></span> <span class='ocrx_word' id='word_1_21' title='bbox 704 530 804 584; x_wconf 78' lang='lat' dir='ltr'><strong>aliunde</strong></span> <span class='ocrx_word' id='word_1_22' title='bbox 823 536 905 595; x_wconf 89' lang='lat' dir='ltr'><strong>posset</strong></span> <span class='ocrx_word' id='word_1_23' title='bbox 916 535 943 583; x_wconf 91' lang='lat' dir='ltr'><strong>nt</strong></span> <span class='ocrx_word' id='word_1_24' title='bbox 955 533 1039 594; x_wconf 71' lang='lat' dir='ltr'><strong>legum</strong></span> <span class='ocrx_word' id='word_1_25' title='bbox 1050 533 1219 582; x_wconf 82' lang='lat' dir='ltr'><strong>observatores</strong></span> <span class='ocrx_word' id='word_1_26' title='bbox 1237 531 1302 582; x_wconf 82' lang='lat' dir='ltr'><strong>nihil</strong></span> 
     </span>
     <span class='ocr_line' id='line_1_4' title="bbox 267 597 1199 670; baseline -0.001 -18"><span class='ocrx_word' id='word_1_27' title='bbox 267 603 319 670; x_wconf 44' lang='lat' dir='ltr'><strong>‚aut</strong></span> <span class='ocrx_word' id='word_1_28' title='bbox 327 599 414 664; x_wconf 80' lang='lat' dir='ltr'><strong>panim</strong></span> <span class='ocrx_word' id='word_1_29' title='bbox 424 603 544 652; x_wconf 83' lang='lat' dir='ltr'><strong>traherent</strong></span> <span class='ocrx_word' id='word_1_30' title='bbox 553 603 580 651; x_wconf 90' lang='lat' dir='ltr'><strong>in</strong></span> <span class='ocrx_word' id='word_1_31' title='bbox 589 603 660 652; x_wconf 86' lang='lat' dir='ltr'><strong>bonis</strong></span> <span class='ocrx_word' id='word_1_32' title='bbox 670 602 855 664; x_wconf 89' lang='lat' dir='ltr'><strong>communibus,</strong></span> <span class='ocrx_word' id='word_1_33' title='bbox 866 600 924 651; x_wconf 83' lang='lat' dir='ltr'><strong>dum</strong></span> <span class='ocrx_word' id='word_1_34' title='bbox 939 597 1094 652; x_wconf 78' lang='lat' dir='ltr'><strong>violatorese</strong></span> <span class='ocrx_word' id='word_1_35' title='bbox 1105 598 1199 652; x_wconf 66' lang='lat' dir='ltr'><strong>count.</strong></span> 
     </span>
    </p>

    <p class='ocr_par' dir='ltr' id='par_1_3' title="bbox 272 666 1302 1130">
     <span class='ocr_line' id='line_1_5' title="bbox 304 666 1301 735; baseline 0.001 -17"><span class='ocrx_word' id='word_1_36' title='bbox 304 671 393 718; x_wconf 85' lang='lat' dir='ltr'><strong>lictant</strong></span> <span class='ocrx_word' id='word_1_37' title='bbox 401 671 484 735; x_wconf 69' lang='lat' dir='ltr'><strong>ianam</strong></span> <span class='ocrx_word' id='word_1_38' title='bbox 492 670 619 732; x_wconf 73' lang='lat' dir='ltr'><strong>auctores,</strong></span> <span class='ocrx_word' id='word_1_39' title='bbox 629 669 711 732; x_wconf 82' lang='lat' dir='ltr'><strong>iuquit</strong></span> <span class='ocrx_word' id='word_1_40' title='bbox 723 671 755 718; x_wconf 88' lang='lat' dir='ltr'><strong>D.</strong></span> <span class='ocrx_word' id='word_1_41' title='bbox 765 670 848 731; x_wconf 85' lang='lat' dir='ltr'><strong>Dans,</strong></span> <span class='ocrx_word' id='word_1_42' title='bbox 858 666 931 730; x_wconf 85' lang='lat' dir='ltr'><strong>pauld</strong></span> <span class='ocrx_word' id='word_1_43' title='bbox 944 671 1063 728; x_wconf 84' lang='lat' dir='ltr'><strong>majorem</strong></span> <span class='ocrx_word' id='word_1_44' title='bbox 1078 671 1105 718; x_wconf 91' lang='lat' dir='ltr'><strong>in</strong></span> <span class='ocrx_word' id='word_1_45' title='bbox 1115 670 1155 718; x_wconf 89' lang='lat' dir='ltr'><strong>his</strong></span> <span class='ocrx_word' id='word_1_46' title='bbox 1163 683 1220 734; x_wconf 84' lang='lat' dir='ltr'><strong>quae</strong></span> <span class='ocrx_word' id='word_1_47' title='bbox 1229 670 1301 719; x_wconf 88' lang='lat' dir='ltr'><strong>natu-</strong></span> 
     </span>
     <span class='ocr_line' id='line_1_6' title="bbox 274 733 1302 800; baseline 0.002 -14"><span class='ocrx_word' id='word_1_48' title='bbox 274 737 359 786; x_wconf 86' lang='lat' dir='ltr'><strong>raliter</strong></span> <span class='ocrx_word' id='word_1_49' title='bbox 367 737 501 786; x_wconf 86' lang='lat' dir='ltr'><strong>nascuntur</strong></span> <span class='ocrx_word' id='word_1_50' title='bbox 514 738 608 799; x_wconf 81' lang='lat' dir='ltr'>requiri</span> <span class='ocrx_word' id='word_1_51' title='bbox 619 738 650 786; x_wconf 91' lang='lat' dir='ltr'><strong>ad</strong></span> <span class='ocrx_word' id='word_1_52' title='bbox 667 739 771 787; x_wconf 79' lang='lat' dir='ltr'>mortale</span> <span class='ocrx_word' id='word_1_53' title='bbox 781 738 953 800; x_wconf 70' lang='lat' dir='ltr'><strong>quantitatem,</strong></span> <span class='ocrx_word' id='word_1_54' title='bbox 962 733 1036 800; x_wconf 74' lang='lat' dir='ltr'><strong>quim</strong></span> <span class='ocrx_word' id='word_1_55' title='bbox 1047 739 1073 786; x_wconf 94' lang='lat' dir='ltr'><strong>in</strong></span> <span class='ocrx_word' id='word_1_56' title='bbox 1082 738 1152 800; x_wconf 87' lang='lat' dir='ltr'><strong>aliis,</strong></span> <span class='ocrx_word' id='word_1_57' title='bbox 1162 739 1221 799; x_wconf 83' lang='lat' dir='ltr'><strong>quia</strong></span> <span class='ocrx_word' id='word_1_58' title='bbox 1230 751 1302 788; x_wconf 89' lang='lat' dir='ltr'><strong>acce-</strong></span> 
     </span>
     <span class='ocr_line' id='line_1_7' title="bbox 273 802 1302 866; baseline 0.002 -12"><span class='ocrx_word' id='word_1_59' title='bbox 273 804 335 860; x_wconf 86' lang='lat' dir='ltr'><strong>dunt</strong></span> <span class='ocrx_word' id='word_1_60' title='bbox 345 805 376 853; x_wconf 89' lang='lat' dir='ltr'><strong>ad</strong></span> <span class='ocrx_word' id='word_1_61' title='bbox 386 817 426 854; x_wconf 89' lang='lat' dir='ltr'><strong>res</strong></span> <span class='ocrx_word' id='word_1_62' title='bbox 435 805 581 854; x_wconf 69' lang='lat' dir='ltr'><strong>naturaliter</strong></span> <span class='ocrx_word' id='word_1_63' title='bbox 588 805 689 856; x_wconf 88' lang='lat' dir='ltr'><strong>liberas.</strong></span> <span class='ocrx_word' id='word_1_64' title='bbox 699 802 911 856; x_wconf 79' lang='lat' dir='ltr'><strong>lmd&#39;l&#39;heol.Piet.</strong></span> <span class='ocrx_word' id='word_1_65' title='bbox 921 807 952 854; x_wconf 93' lang='lat' dir='ltr'><strong>ad</strong></span> <span class='ocrx_word' id='word_1_66' title='bbox 961 805 1144 854; x_wconf 85' lang='lat' dir='ltr'><strong>restitutionem</strong></span> <span class='ocrx_word' id='word_1_67' title='bbox 1152 819 1201 854; x_wconf 89' lang='lat' dir='ltr'><strong>non</strong></span> <span class='ocrx_word' id='word_1_68' title='bbox 1209 806 1302 866; x_wconf 74' lang='lat' dir='ltr'><strong>obligat</strong></span> 
     </span>
     <span class='ocr_line' id='line_1_8' title="bbox 273 869 1301 937; baseline 0.004 -17"><span class='ocrx_word' id='word_1_69' title='bbox 273 872 317 934; x_wconf 77' lang='lat' dir='ltr'><strong>qai</strong></span> <span class='ocrx_word' id='word_1_70' title='bbox 327 872 536 933; x_wconf 67' lang='lat' dir='ltr'><strong>dmacasduutin</strong></span> <span class='ocrx_word' id='word_1_71' title='bbox 546 871 616 935; x_wconf 78' lang='lat' dir='ltr'><strong>sylvi</strong></span> <span class='ocrx_word' id='word_1_72' title='bbox 626 875 765 937; x_wconf 86' lang='lat' dir='ltr'><strong>communi,</strong></span> <span class='ocrx_word' id='word_1_73' title='bbox 782 869 898 924; x_wconf 76' lang='lat' dir='ltr'><strong>nisiindd</strong></span> <span class='ocrx_word' id='word_1_74' title='bbox 917 874 1079 922; x_wconf 87' lang='lat' dir='ltr'><strong>communitas</strong></span> <span class='ocrx_word' id='word_1_75' title='bbox 1095 874 1212 922; x_wconf 87' lang='lat' dir='ltr'><strong>damnum</strong></span> <span class='ocrx_word' id='word_1_76' title='bbox 1227 886 1301 935; x_wconf 70' lang='lat' dir='ltr'><strong>prave</strong></span> 
     </span>
     <span class='ocr_line' id='line_1_9' title="bbox 273 941 1301 1004; baseline 0.001 -15"><span class='ocrx_word' id='word_1_77' title='bbox 273 943 391 1002; x_wconf 78' lang='lat' dir='ltr'><strong>patiatur.</strong></span> <span class='ocrx_word' id='word_1_78' title='bbox 400 942 468 991; x_wconf 87' lang='lat' dir='ltr'><strong>ldena</strong></span> <span class='ocrx_word' id='word_1_79' title='bbox 487 942 564 990; x_wconf 89' lang='lat' dir='ltr'><strong>sentit</strong></span> <span class='ocrx_word' id='word_1_80' title='bbox 573 945 600 990; x_wconf 79' lang='grc' dir='ltr'><strong>Ρ.</strong></span> <span class='ocrx_word' id='word_1_81' title='bbox 611 944 715 991; x_wconf 78' lang='lat' dir='ltr'><strong>&#39;l&#39;homas</strong></span> <span class='ocrx_word' id='word_1_82' title='bbox 725 955 757 992; x_wconf 85' lang='lat' dir='ltr'><strong>ex</strong></span> <span class='ocrx_word' id='word_1_83' title='bbox 765 943 897 1004; x_wconf 74' lang='lat' dir='ltr'><strong>charmes,</strong></span> <span class='ocrx_word' id='word_1_84' title='bbox 910 943 968 1004; x_wconf 79' lang='lat' dir='ltr'><strong>quia</strong></span> <span class='ocrx_word' id='word_1_85' title='bbox 978 941 1018 1002; x_wconf 80' lang='lat' dir='ltr'><strong>jus</strong></span> <span class='ocrx_word' id='word_1_86' title='bbox 1037 943 1144 1004; x_wconf 83' lang='lat' dir='ltr'><strong>hahent,</strong></span> <span class='ocrx_word' id='word_1_87' title='bbox 1155 944 1182 992; x_wconf 92' lang='lat' dir='ltr'><strong>et</strong></span> <span class='ocrx_word' id='word_1_88' title='bbox 1191 956 1301 992; x_wconf 86' lang='lat' dir='ltr'><strong>commu·</strong></span> 
     </span>
     <span class='ocr_line' id='line_1_10' title="bbox 272 1009 1301 1128; baseline 0.003 -70"><span class='ocrx_word' id='word_1_89' title='bbox 272 1010 339 1128; x_wconf 59' lang='grc' dir='ltr'><strong>ἲίίαε</strong></span> <span class='ocrx_word' id='word_1_90' title='bbox 358 1011 473 1060; x_wconf 88' lang='lat' dir='ltr'><strong>censetur</strong></span> <span class='ocrx_word' id='word_1_91' title='bbox 486 1010 620 1062; x_wconf 83' lang='lat' dir='ltr'><strong>remittere</strong></span> <span class='ocrx_word' id='word_1_92' title='bbox 635 1012 751 1062; x_wconf 61' lang='lat' dir='ltr'><strong>anaunia</strong></span> <span class='ocrx_word' id='word_1_93' title='bbox 765 1009 872 1074; x_wconf 70' lang='lat' dir='ltr'><strong>mucii,</strong></span> <span class='ocrx_word' id='word_1_94' title='bbox 887 1012 910 1062; x_wconf 87' lang='lat' dir='ltr'><strong>ai</strong></span> <span class='ocrx_word' id='word_1_95' title='bbox 924 1024 982 1073; x_wconf 84' lang='lat' dir='ltr'><strong>quaa</strong></span> <span class='ocrx_word' id='word_1_96' title='bbox 992 1012 1142 1074; x_wconf 83' lang='lat' dir='ltr'><strong>imponatur.</strong></span> <span class='ocrx_word' id='word_1_97' title='bbox 1152 1012 1190 1060; x_wconf 90' lang='lat' dir='ltr'><strong>lta</strong></span> <span class='ocrx_word' id='word_1_98' title='bbox 1200 1011 1301 1062; x_wconf 69' lang='lat' dir='ltr'><strong>nudem</strong></span> 
     </span>
     <span class='ocr_line' id='line_1_11' title="bbox 284 1076 443 1130; baseline 0 0"><span class='ocrx_word' id='word_1_99' title='bbox 284 1076 326 1130; x_wconf 79' lang='lat' dir='ltr'><strong>era</strong></span> <span class='ocrx_word' id='word_1_100' title='bbox 340 1081 404 1130; x_wconf 84' lang='lat' dir='ltr'><strong>Delu</strong></span> <span class='ocrx_word' id='word_1_101' title='bbox 419 1093 443 1130; x_wconf 87' lang='lat' dir='ltr'><strong>o.</strong></span> 
     </span>
    </p>

    <p class='ocr_par' dir='ltr' id='par_1_4' title="bbox 269 1093 1301 1677">
     <span class='ocr_line' id='line_1_12' title="bbox 301 1093 1301 1210; baseline 0.002 -14"><span class='ocrx_word' id='word_1_102' title='bbox 301 1147 390 1198; x_wconf 81' lang='lat' dir='ltr'><strong>Nescio</strong></span> <span class='ocrx_word' id='word_1_103' title='bbox 400 1093 461 1210; x_wconf 56' lang='lat' dir='ltr'><strong>guid</strong></span> <span class='ocrx_word' id='word_1_104' title='bbox 480 1146 540 1196; x_wconf 86' lang='lat' dir='ltr'><strong>alibi</strong></span> <span class='ocrx_word' id='word_1_105' title='bbox 551 1161 559 1196; x_wconf 77' lang='lat' dir='ltr'><strong>a</strong></span> <span class='ocrx_word' id='word_1_106' title='bbox 570 1145 630 1196; x_wconf 88' lang='lat' dir='ltr'><strong>olim</strong></span> <span class='ocrx_word' id='word_1_107' title='bbox 640 1147 694 1198; x_wconf 82' lang='lat' dir='ltr'><strong>haec</strong></span> <span class='ocrx_word' id='word_1_108' title='bbox 712 1144 868 1210; x_wconf 77' lang='lat' dir='ltr'><strong>aliquatenus</strong></span> <span class='ocrx_word' id='word_1_109' title='bbox 887 1147 977 1198; x_wconf 85' lang='lat' dir='ltr'><strong>saltem</strong></span> <span class='ocrx_word' id='word_1_110' title='bbox 991 1141 1028 1196; x_wconf 80' lang='lat' dir='ltr'><strong>ru</strong></span> <span class='ocrx_word' id='word_1_111' title='bbox 1044 1159 1096 1199; x_wconf 84' lang='lat' dir='ltr'><strong>esse</strong></span> <span class='ocrx_word' id='word_1_112' title='bbox 1113 1138 1236 1208; x_wconf 76' lang='lat' dir='ltr'><strong>poterant.</strong></span> <span class='ocrx_word' id='word_1_113' title='bbox 1252 1146 1301 1198; x_wconf 86' lang='lat' dir='ltr'><strong>Sed</strong></span> 
     </span>
     <span class='ocr_line' id='line_1_13' title="bbox 270 1213 1301 1278; baseline 0.003 -14"><span class='ocrx_word' id='word_1_114' title='bbox 270 1217 337 1278; x_wconf 84' lang='lat' dir='ltr'><strong>apud</strong></span> <span class='ocrx_word' id='word_1_115' title='bbox 346 1229 391 1266; x_wconf 89' lang='lat' dir='ltr'><strong>nos</strong></span> <span class='ocrx_word' id='word_1_116' title='bbox 400 1216 479 1264; x_wconf 86' lang='lat' dir='ltr'><strong>odiosi</strong></span> <span class='ocrx_word' id='word_1_117' title='bbox 488 1217 545 1266; x_wconf 89' lang='lat' dir='ltr'><strong>aunt</strong></span> <span class='ocrx_word' id='word_1_118' title='bbox 555 1217 582 1266; x_wconf 90' lang='lat' dir='ltr'><strong>et</strong></span> <span class='ocrx_word' id='word_1_119' title='bbox 591 1229 690 1278; x_wconf 86' lang='lat' dir='ltr'><strong>semper</strong></span> <span class='ocrx_word' id='word_1_120' title='bbox 699 1217 801 1266; x_wconf 84' lang='lat' dir='ltr'><strong>inerunt</strong></span> <span class='ocrx_word' id='word_1_121' title='bbox 809 1218 934 1278; x_wconf 81' lang='lat' dir='ltr'><strong>sylvarum</strong></span> <span class='ocrx_word' id='word_1_122' title='bbox 944 1217 1080 1278; x_wconf 76' lang='lat' dir='ltr'><strong>predones,</strong></span> <span class='ocrx_word' id='word_1_123' title='bbox 1089 1213 1160 1278; x_wconf 84' lang='lat' dir='ltr'><strong>eim,</strong></span> <span class='ocrx_word' id='word_1_124' title='bbox 1170 1218 1260 1278; x_wconf 87' lang='lat' dir='ltr'><strong>praeter</strong></span> <span class='ocrx_word' id='word_1_125' title='bbox 1270 1231 1301 1267; x_wconf 86' lang='lat' dir='ltr'><strong>sa</strong></span> 
     </span>
     <span class='ocr_line' id='line_1_14' title="bbox 270 1279 1300 1348; baseline 0 -14"><span class='ocrx_word' id='word_1_126' title='bbox 270 1294 327 1346; x_wconf 67' lang='lat' dir='ltr'><strong>tuan</strong></span> <span class='ocrx_word' id='word_1_127' title='bbox 337 1286 385 1334; x_wconf 89' lang='lat' dir='ltr'><strong>sibi</strong></span> <span class='ocrx_word' id='word_1_128' title='bbox 395 1279 510 1346; x_wconf 76' lang='lat' dir='ltr'><strong>omnint,</strong></span> <span class='ocrx_word' id='word_1_129' title='bbox 526 1286 580 1336; x_wconf 76' lang='lat' dir='ltr'><strong>sire</strong></span> <span class='ocrx_word' id='word_1_130' title='bbox 598 1297 644 1348; x_wconf 91' lang='lat' dir='ltr'><strong>pro</strong></span> <span class='ocrx_word' id='word_1_131' title='bbox 658 1285 798 1336; x_wconf 81' lang='lat' dir='ltr'><strong>reiciendis</strong></span> <span class='ocrx_word' id='word_1_132' title='bbox 814 1285 999 1346; x_wconf 75' lang='lat' dir='ltr'><strong>instrumentis,</strong></span> <span class='ocrx_word' id='word_1_133' title='bbox 1013 1286 1066 1334; x_wconf 84' lang='lat' dir='ltr'><strong>sive</strong></span> <span class='ocrx_word' id='word_1_134' title='bbox 1077 1286 1108 1334; x_wconf 93' lang='lat' dir='ltr'><strong>ob</strong></span> <span class='ocrx_word' id='word_1_135' title='bbox 1129 1287 1300 1346; x_wconf 82' lang='lat' dir='ltr'><strong>paupertatem</strong></span> 
     </span>
     <span class='ocr_line' id='line_1_15' title="bbox 271 1349 1301 1417; baseline 0.004 -17"><span class='ocrx_word' id='word_1_136' title='bbox 271 1349 406 1414; x_wconf 83' lang='lat' dir='ltr'><strong>(moddde</strong></span> <span class='ocrx_word' id='word_1_137' title='bbox 425 1353 622 1416; x_wconf 83' lang='lat' dir='ltr'><strong>parvis,ar·idis,</strong></span> <span class='ocrx_word' id='word_1_138' title='bbox 638 1355 698 1416; x_wconf 78' lang='lat' dir='ltr'><strong>etc,</strong></span> <span class='ocrx_word' id='word_1_139' title='bbox 716 1352 820 1417; x_wconf 71' lang='lat' dir='ltr'><strong>agaim)</strong></span> <span class='ocrx_word' id='word_1_140' title='bbox 835 1355 974 1403; x_wconf 87' lang='lat' dir='ltr'><strong>necessaria</strong></span> <span class='ocrx_word' id='word_1_141' title='bbox 992 1354 1063 1416; x_wconf 91' lang='lat' dir='ltr'><strong>sunt,</strong></span> <span class='ocrx_word' id='word_1_142' title='bbox 1080 1354 1301 1416; x_wconf 74' lang='lat' dir='ltr'><strong>accipiuntLigna</strong></span> 
     </span>
     <span class='ocr_line' id='line_1_16' title="bbox 270 1417 1299 1485; baseline 0.002 -17"><span class='ocrx_word' id='word_1_143' title='bbox 270 1431 337 1470; x_wconf 79' lang='lat' dir='ltr'><strong>nune</strong></span> <span class='ocrx_word' id='word_1_144' title='bbox 346 1423 404 1472; x_wconf 89' lang='lat' dir='ltr'><strong>sunt</strong></span> <span class='ocrx_word' id='word_1_145' title='bbox 413 1421 563 1484; x_wconf 82' lang='lat' dir='ltr'><strong>&#39;pretiosiora</strong></span> <span class='ocrx_word' id='word_1_146' title='bbox 577 1418 649 1483; x_wconf 72' lang='lat' dir='ltr'><strong>longe</strong></span> <span class='ocrx_word' id='word_1_147' title='bbox 666 1417 741 1484; x_wconf 74' lang='lat' dir='ltr'><strong>quim</strong></span> <span class='ocrx_word' id='word_1_148' title='bbox 750 1423 819 1474; x_wconf 90' lang='lat' dir='ltr'><strong>olim.</strong></span> <span class='ocrx_word' id='word_1_149' title='bbox 831 1422 867 1470; x_wconf 83' lang='lat' dir='ltr'><strong>ild</strong></span> <span class='ocrx_word' id='word_1_150' title='bbox 886 1424 969 1472; x_wconf 86' lang='lat' dir='ltr'><strong>levem</strong></span> <span class='ocrx_word' id='word_1_151' title='bbox 980 1421 1052 1485; x_wconf 70' lang='lat' dir='ltr'><strong>ergo,</strong></span> <span class='ocrx_word' id='word_1_152' title='bbox 1063 1435 1112 1472; x_wconf 90' lang='lat' dir='ltr'><strong>non</strong></span> <span class='ocrx_word' id='word_1_153' title='bbox 1133 1423 1299 1485; x_wconf 76' lang='lat' dir='ltr'><strong>levissimam,</strong></span> 
     </span>
     <span class='ocr_line' id='line_1_17' title="bbox 270 1489 1297 1553; baseline 0.004 -17"><span class='ocrx_word' id='word_1_154' title='bbox 270 1489 453 1540; x_wconf 90' lang='lat' dir='ltr'><strong>restitutionem</strong></span> <span class='ocrx_word' id='word_1_155' title='bbox 463 1491 597 1552; x_wconf 64' lang='lat' dir='ltr'><strong>obligarem</strong></span> <span class='ocrx_word' id='word_1_156' title='bbox 607 1492 817 1551; x_wconf 65' lang='lat' dir='ltr'><strong>eraafflcctesiam</strong></span> <span class='ocrx_word' id='word_1_157' title='bbox 825 1492 887 1553; x_wconf 89' lang='lat' dir='ltr'><strong>loci,</strong></span> <span class='ocrx_word' id='word_1_158' title='bbox 898 1493 957 1552; x_wconf 78' lang='lat' dir='ltr'><strong>etc,</strong></span> <span class='ocrx_word' id='word_1_159' title='bbox 967 1491 989 1540; x_wconf 88' lang='lat' dir='ltr'><strong>si</strong></span> <span class='ocrx_word' id='word_1_160' title='bbox 999 1493 1071 1552; x_wconf 84' lang='lat' dir='ltr'><strong>leve,</strong></span> <span class='ocrx_word' id='word_1_161' title='bbox 1083 1505 1132 1539; x_wconf 91' lang='lat' dir='ltr'><strong>non</strong></span> <span class='ocrx_word' id='word_1_162' title='bbox 1142 1491 1297 1540; x_wconf 86' lang='lat' dir='ltr'><strong>levissimum</strong></span> 
     </span>
     <span class='ocr_line' id='line_1_18' title="bbox 270 1555 1299 1623; baseline 0.003 -18"><span class='ocrx_word' id='word_1_163' title='bbox 270 1555 386 1608; x_wconf 90' lang='lat' dir='ltr'><strong>damnum</strong></span> <span class='ocrx_word' id='word_1_164' title='bbox 397 1559 536 1608; x_wconf 85' lang='lat' dir='ltr'><strong>intulerint.</strong></span> <span class='ocrx_word' id='word_1_165' title='bbox 546 1556 626 1609; x_wconf 82' lang='lat' dir='ltr'><strong>llinis</strong></span> <span class='ocrx_word' id='word_1_166' title='bbox 636 1555 699 1611; x_wconf 77' lang='lat' dir='ltr'><strong>iorle</strong></span> <span class='ocrx_word' id='word_1_167' title='bbox 708 1560 793 1611; x_wconf 64' lang='lat' dir='ltr'><strong>umen</strong></span> <span class='ocrx_word' id='word_1_168' title='bbox 802 1560 982 1623; x_wconf 67' lang='lat' dir='ltr'><strong>rigidusiorem</strong></span> <span class='ocrx_word' id='word_1_169' title='bbox 992 1555 1066 1622; x_wconf 67' lang='lat' dir='ltr'><strong>qadrn</strong></span> <span class='ocrx_word' id='word_1_170' title='bbox 1081 1559 1103 1610; x_wconf 91' lang='lat' dir='ltr'><strong>si</strong></span> <span class='ocrx_word' id='word_1_171' title='bbox 1117 1559 1234 1609; x_wconf 88' lang='lat' dir='ltr'><strong>damnum</strong></span> <span class='ocrx_word' id='word_1_172' title='bbox 1243 1571 1299 1621; x_wconf 90' lang='lat' dir='ltr'><strong>par·</strong></span> 
     </span>
     <span class='ocr_line' id='line_1_19' title="bbox 269 1623 638 1677; baseline 0.005 -3"><span class='ocrx_word' id='word_1_173' title='bbox 269 1623 368 1676; x_wconf 78' lang='lat' dir='ltr'><strong>titulari</strong></span> <span class='ocrx_word' id='word_1_174' title='bbox 380 1629 477 1676; x_wconf 88' lang='lat' dir='ltr'><strong>illatum</strong></span> <span class='ocrx_word' id='word_1_175' title='bbox 493 1628 567 1677; x_wconf 88' lang='lat' dir='ltr'><strong>esset.</strong></span> <span class='ocrx_word' id='word_1_176' title='bbox 637 1629 638 1632; x_wconf 75' lang='grc'>’</span> 
     </span>
    </p>

    <p class='ocr_par' dir='ltr' id='par_1_5' title="bbox 299 1693 1299 1758">
     <span class='ocr_line' id='line_1_20' title="bbox 299 1693 1299 1758; baseline 0 -12"><span class='ocrx_word' id='word_1_177' title='bbox 299 1693 471 1758; x_wconf 77' lang='lat' dir='ltr'><strong>Astquomodd</strong></span> <span class='ocrx_word' id='word_1_178' title='bbox 483 1696 607 1746; x_wconf 78' lang='lat' dir='ltr'><strong>&#39;damnum</strong></span> <span class='ocrx_word' id='word_1_179' title='bbox 625 1697 813 1749; x_wconf 55' lang='lat' dir='ltr'><strong>mandunt</strong></span> <span class='ocrx_word' id='word_1_180' title='bbox 826 1697 862 1746; x_wconf 82' lang='lat' dir='ltr'><strong>Ad</strong></span> <span class='ocrx_word' id='word_1_181' title='bbox 875 1696 958 1747; x_wconf 82' lang='lat' dir='ltr'><strong>minis</strong></span> <span class='ocrx_word' id='word_1_182' title='bbox 972 1695 1044 1758; x_wconf 71' lang='lat' dir='ltr'><strong>luxti</strong></span> <span class='ocrx_word' id='word_1_183' title='bbox 1058 1698 1167 1746; x_wconf 82' lang='lat' dir='ltr'><strong>valorem</strong></span> <span class='ocrx_word' id='word_1_184' title='bbox 1178 1697 1299 1757; x_wconf 77' lang='lat' dir='ltr'><strong>nmmum</strong></span> 
     </span>
    </p>
   </div>
   <div class='ocr_carea' id='block_1_3' title="bbox 167 1761 1298 1828">
    <p class='ocr_par' dir='ltr' id='par_1_6' title="bbox 167 1761 1298 1828">
     <span class='ocr_line' id='line_1_21' title="bbox 167 1761 1298 1828; baseline 0.004 -17"><span class='ocrx_word' id='word_1_185' title='bbox 167 1821 168 1828; x_wconf 9' lang='grc' dir='ltr'>ἵ</span> <span class='ocrx_word' id='word_1_186' title='bbox 269 1761 411 1828; x_wconf 77' lang='lat' dir='ltr'><strong>priusquam</strong></span> <span class='ocrx_word' id='word_1_187' title='bbox 428 1765 590 1815; x_wconf 77' lang='lat' dir='ltr'><strong>cederentur.</strong></span> <span class='ocrx_word' id='word_1_188' title='bbox 605 1766 701 1818; x_wconf 69' lang='lat' dir='ltr'><strong>Diuum</strong></span> <span class='ocrx_word' id='word_1_189' title='bbox 711 1770 780 1817; x_wconf 90' lang='lat' dir='ltr'><strong>enim</strong></span> <span class='ocrx_word' id='word_1_190' title='bbox 798 1768 863 1816; x_wconf 86' lang='lat' dir='ltr'><strong>ieret</strong></span> <span class='ocrx_word' id='word_1_191' title='bbox 877 1767 1061 1816; x_wconf 89' lang='lat' dir='ltr'><strong>restitutionem</strong></span> <span class='ocrx_word' id='word_1_192' title='bbox 1080 1765 1209 1828; x_wconf 86' lang='lat' dir='ltr'><strong>adaequare</strong></span> <span class='ocrx_word' id='word_1_193' title='bbox 1220 1766 1298 1815; x_wconf 84' lang='lat' dir='ltr'><strong>valort</strong></span> 
     </span>
    </p>
   </div>
   <div class='ocr_carea' id='block_1_4' title="bbox 262 1833 1300 2302">
    <p class='ocr_par' dir='ltr' id='par_1_7' title="bbox 262 1833 1300 2302">
     <span class='ocr_line' id='line_1_22' title="bbox 269 1833 1300 1894; baseline 0.004 -14"><span class='ocrx_word' id='word_1_194' title='bbox 269 1843 344 1892; x_wconf 84' lang='lat' dir='ltr'><strong>quem</strong></span> <span class='ocrx_word' id='word_1_195' title='bbox 353 1833 446 1892; x_wconf 77' lang='lat' dir='ltr'><strong>iignum</strong></span> <span class='ocrx_word' id='word_1_196' title='bbox 453 1845 520 1882; x_wconf 91' lang='lat' dir='ltr'><strong>nunc</strong></span> <span class='ocrx_word' id='word_1_197' title='bbox 530 1846 634 1893; x_wconf 82' lang='lat' dir='ltr'><strong>parvum</strong></span> <span class='ocrx_word' id='word_1_198' title='bbox 643 1835 787 1882; x_wconf 85' lang='lat' dir='ltr'><strong>habiturum</strong></span> <span class='ocrx_word' id='word_1_199' title='bbox 798 1833 862 1880; x_wconf 87' lang='lat' dir='ltr'><strong>esset</strong></span> <span class='ocrx_word' id='word_1_200' title='bbox 869 1835 925 1890; x_wconf 89' lang='lat' dir='ltr'><strong>post</strong></span> <span class='ocrx_word' id='word_1_201' title='bbox 935 1833 1035 1880; x_wconf 89' lang='lat' dir='ltr'><strong>centum</strong></span> <span class='ocrx_word' id='word_1_202' title='bbox 1043 1845 1119 1880; x_wconf 89' lang='lat' dir='ltr'><strong>annos</strong></span> <span class='ocrx_word' id='word_1_203' title='bbox 1129 1836 1202 1881; x_wconf 86' lang='lat' dir='ltr'><strong>arbor</strong></span> <span class='ocrx_word' id='word_1_204' title='bbox 1211 1845 1300 1894; x_wconf 71' lang='lat' dir='ltr'><strong>magna</strong></span> 
     </span>
     <span class='ocr_line' id='line_1_23' title="bbox 268 1897 1300 1961; baseline 0.005 -16"><span class='ocrx_word' id='word_1_205' title='bbox 268 1897 407 1950; x_wconf 77' lang='lat' dir='ltr'><strong>{actumst</strong></span> <span class='ocrx_word' id='word_1_206' title='bbox 420 1901 505 1949; x_wconf 87' lang='lat' dir='ltr'><strong>tamen</strong></span> <span class='ocrx_word' id='word_1_207' title='bbox 522 1901 589 1961; x_wconf 74' lang='lat' dir='ltr'><strong>ligna</strong></span> <span class='ocrx_word' id='word_1_208' title='bbox 600 1900 650 1949; x_wconf 88' lang='lat' dir='ltr'><strong>sint</strong></span> <span class='ocrx_word' id='word_1_209' title='bbox 660 1901 771 1949; x_wconf 76' lang='lat' dir='ltr'><strong>essentia·</strong></span> <span class='ocrx_word' id='word_1_210' title='bbox 781 1897 909 1957; x_wconf 84' lang='lat' dir='ltr'><strong>pretiosae,</strong></span> <span class='ocrx_word' id='word_1_211' title='bbox 925 1901 968 1944; x_wconf 89' lang='lat' dir='ltr'><strong>aut</strong></span> <span class='ocrx_word' id='word_1_212' title='bbox 983 1904 1042 1944; x_wconf 83' lang='lat' dir='ltr'><strong>mox</strong></span> <span class='ocrx_word' id='word_1_213' title='bbox 1059 1900 1175 1946; x_wconf 83' lang='lat' dir='ltr'><strong>habitura</strong></span> <span class='ocrx_word' id='word_1_214' title='bbox 1193 1901 1300 1952; x_wconf 77' lang='lat' dir='ltr'><strong>fuissem</strong></span> 
     </span>
     <span class='ocr_line' id='line_1_24' title="bbox 262 1960 1298 2034; baseline 0.001 -17"><span class='ocrx_word' id='word_1_215' title='bbox 262 1968 379 2034; x_wconf 65' lang='lat' dir='ltr'><strong>,valorem</strong></span> <span class='ocrx_word' id='word_1_216' title='bbox 397 1964 468 2030; x_wconf 69' lang='lat' dir='ltr'><strong>tonat</strong></span> <span class='ocrx_word' id='word_1_217' title='bbox 485 1969 619 2030; x_wconf 80' lang='lat' dir='ltr'><strong>majorem,</strong></span> <span class='ocrx_word' id='word_1_218' title='bbox 631 1978 750 2018; x_wconf 88' lang='lat' dir='ltr'><strong>summam</strong></span> <span class='ocrx_word' id='word_1_219' title='bbox 769 1964 948 2018; x_wconf 78' lang='lat' dir='ltr'><strong>restituendam</strong></span> <span class='ocrx_word' id='word_1_220' title='bbox 962 1960 1028 2012; x_wconf 77' lang='lat' dir='ltr'><strong>uitri</strong></span> <span class='ocrx_word' id='word_1_221' title='bbox 1044 1966 1154 2030; x_wconf 79' lang='lat' dir='ltr'><strong>yalorem</strong></span> <span class='ocrx_word' id='word_1_222' title='bbox 1173 1968 1298 2018; x_wconf 85' lang='lat' dir='ltr'><strong>actualem</strong></span> 
     </span>
     <span class='ocr_line' id='line_1_25' title="bbox 268 2028 1297 2100; baseline 0.003 -17"><span class='ocrx_word' id='word_1_223' title='bbox 268 2036 444 2100; x_wconf 83' lang='lat' dir='ltr'><strong>extenderem,</strong></span> <span class='ocrx_word' id='word_1_224' title='bbox 465 2033 522 2098; x_wconf 84' lang='lat' dir='ltr'><strong>plis</strong></span> <span class='ocrx_word' id='word_1_225' title='bbox 534 2033 662 2096; x_wconf 82' lang='lat' dir='ltr'><strong>minusve,</strong></span> <span class='ocrx_word' id='word_1_226' title='bbox 672 2028 744 2093; x_wconf 64' lang='lat' dir='ltr'><strong>juxti</strong></span> <span class='ocrx_word' id='word_1_227' title='bbox 759 2031 911 2095; x_wconf 80' lang='lat' dir='ltr'><strong>pnulentdm</strong></span> <span class='ocrx_word' id='word_1_228' title='bbox 919 2033 1054 2095; x_wconf 81' lang='lat' dir='ltr'><strong>judicium,</strong></span> <span class='ocrx_word' id='word_1_229' title='bbox 1066 2035 1093 2083; x_wconf 86' lang='lat' dir='ltr'><strong>et</strong></span> <span class='ocrx_word' id='word_1_230' title='bbox 1107 2037 1297 2095; x_wconf 86' lang='lat' dir='ltr'><strong>qualemdomt-</strong></span> 
     </span>
     <span class='ocr_line' id='line_1_26' title="bbox 266 2100 1298 2167; baseline 0.006 -15"><span class='ocrx_word' id='word_1_231' title='bbox 266 2114 316 2154; x_wconf 89' lang='lat' dir='ltr'><strong>nus</strong></span> <span class='ocrx_word' id='word_1_232' title='bbox 325 2107 401 2167; x_wconf 77' lang='lat' dir='ltr'><strong>sylvae</strong></span> <span class='ocrx_word' id='word_1_233' title='bbox 410 2106 451 2153; x_wconf 78' lang='lat' dir='ltr'><strong>ael</strong></span> <span class='ocrx_word' id='word_1_234' title='bbox 462 2103 644 2152; x_wconf 79' lang='lat' dir='ltr'><strong>communitatis</strong></span> <span class='ocrx_word' id='word_1_235' title='bbox 654 2100 768 2160; x_wconf 82' lang='lat' dir='ltr'><strong>proceres</strong></span> <span class='ocrx_word' id='word_1_236' title='bbox 784 2102 929 2164; x_wconf 69' lang='lat' dir='ltr'><strong>exigerent,</strong></span> <span class='ocrx_word' id='word_1_237' title='bbox 939 2103 968 2150; x_wconf 92' lang='lat' dir='ltr'><strong>ut</strong></span> <span class='ocrx_word' id='word_1_238' title='bbox 980 2103 1136 2152; x_wconf 87' lang='lat' dir='ltr'><strong>rationabilis</strong></span> <span class='ocrx_word' id='word_1_239' title='bbox 1145 2105 1298 2158; x_wconf 83' lang='lat' dir='ltr'><strong>indemnitas</strong></span> 
     </span>
     <span class='ocr_line' id='line_1_27' title="bbox 266 2164 1297 2236; baseline 0.006 -16"><span class='ocrx_word' id='word_1_240' title='bbox 266 2174 413 2233; x_wconf 73' lang='lat' dir='ltr'><strong>prestetur,</strong></span> <span class='ocrx_word' id='word_1_241' title='bbox 422 2184 470 2221; x_wconf 89' lang='lat' dir='ltr'><strong>nee</strong></span> <span class='ocrx_word' id='word_1_242' title='bbox 479 2168 716 2230; x_wconf 83' lang='lat' dir='ltr'><strong>reoreasumtruac,</strong></span> <span class='ocrx_word' id='word_1_243' title='bbox 726 2164 887 2231; x_wconf 81' lang='lat' dir='ltr'><strong>quomultdm</strong></span> <span class='ocrx_word' id='word_1_244' title='bbox 896 2171 1041 2220; x_wconf 82' lang='lat' dir='ltr'><strong>contessarii</strong></span> <span class='ocrx_word' id='word_1_245' title='bbox 1057 2171 1214 2236; x_wconf 80' lang='lat' dir='ltr'><strong>cruciantur,</strong></span> <span class='ocrx_word' id='word_1_246' title='bbox 1223 2177 1297 2227; x_wconf 89' lang='lat' dir='ltr'><strong>aliter</strong></span> 
     </span>
     <span class='ocr_line' id='line_1_28' title="bbox 267 2239 439 2302; baseline 0 -14"><span class='ocrx_word' id='word_1_247' title='bbox 267 2239 349 2288; x_wconf 87' lang='lat' dir='ltr'><strong>decidi</strong></span> <span class='ocrx_word' id='word_1_248' title='bbox 359 2252 439 2302; x_wconf 89' lang='lat' dir='ltr'><strong>posse.</strong></span> 
     </span>
    </p>
   </div>
   <div class='ocr_carea' id='block_1_5' title="bbox 296 2299 1378 2374">
    <p class='ocr_par' dir='ltr' id='par_1_8' title="bbox 296 2299 1378 2374">
     <span class='ocr_line' id='line_1_29' title="bbox 296 2299 1378 2374; baseline 0.009 -21"><span class='ocrx_word' id='word_1_249' title='bbox 296 2303 428 2354; x_wconf 80' lang='lat' dir='ltr'><strong>Difficiliis</strong></span> <span class='ocrx_word' id='word_1_250' title='bbox 438 2299 518 2351; x_wconf 82' lang='lat' dir='ltr'><strong>adhuc</strong></span> <span class='ocrx_word' id='word_1_251' title='bbox 534 2301 670 2353; x_wconf 71' lang='lat' dir='ltr'><strong>estimatur</strong></span> <span class='ocrx_word' id='word_1_252' title='bbox 687 2305 804 2355; x_wconf 89' lang='lat' dir='ltr'><strong>damnum</strong></span> <span class='ocrx_word' id='word_1_253' title='bbox 818 2306 916 2356; x_wconf 91' lang='lat' dir='ltr'><strong>illatum</strong></span> <span class='ocrx_word' id='word_1_254' title='bbox 932 2301 1092 2370; x_wconf 77' lang='lat' dir='ltr'><strong>itumeniis,</strong></span> <span class='ocrx_word' id='word_1_255' title='bbox 1103 2307 1169 2373; x_wconf 74' lang='lat' dir='ltr'><strong>eto,</strong></span> <span class='ocrx_word' id='word_1_256' title='bbox 1183 2311 1210 2360; x_wconf 94' lang='lat' dir='ltr'><strong>in</strong></span> <span class='ocrx_word' id='word_1_257' title='bbox 1219 2313 1296 2374; x_wconf 82' lang='lat' dir='ltr'><strong>sylvia</strong></span> <span class='ocrx_word' id='word_1_258' title='bbox 1371 2319 1378 2326; x_wconf 79' lang='lat'><strong><em>‘</em></strong></span> 
     </span>
    </p>
   </div>
   <div class='ocr_carea' id='block_1_6' title="bbox 257 2369 1295 3884">
    <p class='ocr_par' dir='ltr' id='par_1_9' title="bbox 261 2369 1295 2834">
     <span class='ocr_line' id='line_1_30' title="bbox 264 2369 1295 2436; baseline 0.012 -16"><span class='ocrx_word' id='word_1_259' title='bbox 264 2371 357 2420; x_wconf 83' lang='lat' dir='ltr'><strong>caednis</strong></span> <span class='ocrx_word' id='word_1_260' title='bbox 365 2376 446 2432; x_wconf 85' lang='lat' dir='ltr'><strong>nuper</strong></span> <span class='ocrx_word' id='word_1_261' title='bbox 455 2369 562 2420; x_wconf 85' lang='lat' dir='ltr'><strong>exsectis</strong></span> <span class='ocrx_word' id='word_1_262' title='bbox 569 2373 736 2432; x_wconf 80' lang='lat' dir='ltr'><strong>pascentibus.</strong></span> <span class='ocrx_word' id='word_1_263' title='bbox 746 2375 804 2424; x_wconf 84' lang='lat' dir='ltr'><strong>Vidi</strong></span> <span class='ocrx_word' id='word_1_264' title='bbox 814 2372 879 2436; x_wconf 78' lang='lat' dir='ltr'><strong>sapt</strong></span> <span class='ocrx_word' id='word_1_265' title='bbox 887 2377 977 2426; x_wconf 87' lang='lat' dir='ltr'><strong>damna</strong></span> <span class='ocrx_word' id='word_1_266' title='bbox 986 2377 1065 2426; x_wconf 84' lang='lat' dir='ltr'><strong>iuhoc</strong></span> <span class='ocrx_word' id='word_1_267' title='bbox 1074 2391 1133 2428; x_wconf 89' lang='lat' dir='ltr'><strong>casn</strong></span> <span class='ocrx_word' id='word_1_268' title='bbox 1142 2381 1218 2432; x_wconf 87' lang='lat' dir='ltr'><strong>nimis</strong></span> <span class='ocrx_word' id='word_1_269' title='bbox 1227 2385 1295 2434; x_wconf 78' lang='lat' dir='ltr'><strong>asii-</strong></span> 
     </span>
     <span class='ocr_line' id='line_1_31' title="bbox 264 2439 1294 2512; baseline 0.017 -26"><span class='ocrx_word' id='word_1_270' title='bbox 264 2439 412 2499; x_wconf 84' lang='lat' dir='ltr'><strong>mari3nam</strong></span> <span class='ocrx_word' id='word_1_271' title='bbox 424 2440 506 2490; x_wconf 90' lang='lat' dir='ltr'><strong>sinon</strong></span> <span class='ocrx_word' id='word_1_272' title='bbox 523 2440 680 2505; x_wconf 75' lang='lat' dir='ltr'><strong>frequenter,</strong></span> <span class='ocrx_word' id='word_1_273' title='bbox 696 2457 743 2494; x_wconf 88' lang='lat' dir='ltr'><strong>uec</strong></span> <span class='ocrx_word' id='word_1_274' title='bbox 758 2445 906 2505; x_wconf 90' lang='lat' dir='ltr'><strong>multorum,</strong></span> <span class='ocrx_word' id='word_1_275' title='bbox 924 2457 971 2494; x_wconf 91' lang='lat' dir='ltr'><strong>nec</strong></span> <span class='ocrx_word' id='word_1_276' title='bbox 989 2446 1017 2497; x_wconf 88' lang='lat' dir='ltr'><strong>in</strong></span> <span class='ocrx_word' id='word_1_277' title='bbox 1033 2444 1119 2496; x_wconf 83' lang='lat' dir='ltr'><strong>eidem</strong></span> <span class='ocrx_word' id='word_1_278' title='bbox 1130 2449 1200 2510; x_wconf 89' lang='lat' dir='ltr'><strong>parte</strong></span> <span class='ocrx_word' id='word_1_279' title='bbox 1219 2455 1294 2512; x_wconf 75' lang='lat' dir='ltr'><strong>sylvas</strong></span> 
     </span>
     <span class='ocr_line' id='line_1_32' title="bbox 261 2507 1295 2582; baseline 0.015 -27"><span class='ocrx_word' id='word_1_280' title='bbox 261 2507 376 2567; x_wconf 79' lang='lat' dir='ltr'><strong>iumenta</strong></span> <span class='ocrx_word' id='word_1_281' title='bbox 385 2509 513 2570; x_wconf 81' lang='lat' dir='ltr'><strong>paverint,</strong></span> <span class='ocrx_word' id='word_1_282' title='bbox 533 2510 621 2556; x_wconf 91' lang='lat' dir='ltr'><strong>saltem</strong></span> <span class='ocrx_word' id='word_1_283' title='bbox 631 2511 653 2558; x_wconf 90' lang='lat' dir='ltr'><strong>si</strong></span> <span class='ocrx_word' id='word_1_284' title='bbox 664 2513 733 2572; x_wconf 86' lang='lat' dir='ltr'><strong>sylva</strong></span> <span class='ocrx_word' id='word_1_285' title='bbox 749 2512 800 2571; x_wconf 80' lang='lat' dir='ltr'><strong>iam</strong></span> <span class='ocrx_word' id='word_1_286' title='bbox 819 2514 849 2561; x_wconf 90' lang='lat' dir='ltr'><strong>ab</strong></span> <span class='ocrx_word' id='word_1_287' title='bbox 860 2514 953 2574; x_wconf 84' lang='lat' dir='ltr'><strong>aliquot</strong></span> <span class='ocrx_word' id='word_1_288' title='bbox 966 2514 1038 2563; x_wconf 86' lang='lat' dir='ltr'><strong>annis</strong></span> <span class='ocrx_word' id='word_1_289' title='bbox 1052 2529 1113 2564; x_wconf 81' lang='lat' dir='ltr'><strong>caesa</strong></span> <span class='ocrx_word' id='word_1_290' title='bbox 1128 2518 1176 2580; x_wconf 91' lang='lat' dir='ltr'><strong>sit,</strong></span> <span class='ocrx_word' id='word_1_291' title='bbox 1186 2519 1228 2568; x_wconf 81' lang='lat' dir='ltr'><strong>vix</strong></span> <span class='ocrx_word' id='word_1_292' title='bbox 1239 2521 1295 2582; x_wconf 82' lang='lat' dir='ltr'><strong>post</strong></span> 
     </span>
     <span class='ocr_line' id='line_1_33' title="bbox 264 2577 1294 2646; baseline 0.011 -18"><span class='ocrx_word' id='word_1_293' title='bbox 264 2577 296 2628; x_wconf 72' lang='lat'><strong>25</strong></span> <span class='ocrx_word' id='word_1_294' title='bbox 304 2590 380 2626; x_wconf 89' lang='lat' dir='ltr'><strong>annos</strong></span> <span class='ocrx_word' id='word_1_295' title='bbox 388 2578 504 2626; x_wconf 87' lang='lat' dir='ltr'><strong>damnum</strong></span> <span class='ocrx_word' id='word_1_296' title='bbox 513 2577 833 2641; x_wconf 80' lang='lat' dir='ltr'><strong>advertitur,eomparaudo</strong></span> <span class='ocrx_word' id='word_1_297' title='bbox 843 2583 940 2642; x_wconf 92' lang='lat' dir='ltr'><strong>partem</strong></span> <span class='ocrx_word' id='word_1_298' title='bbox 950 2584 1059 2644; x_wconf 80' lang='lat' dir='ltr'><strong>sylvaein</strong></span> <span class='ocrx_word' id='word_1_299' title='bbox 1069 2582 1116 2646; x_wconf 80' lang='lat' dir='ltr'><strong>qui</strong></span> <span class='ocrx_word' id='word_1_300' title='bbox 1124 2585 1235 2644; x_wconf 81' lang='lat' dir='ltr'><strong>jumenta</strong></span> <span class='ocrx_word' id='word_1_301' title='bbox 1244 2602 1294 2639; x_wconf 91' lang='lat' dir='ltr'><strong>non</strong></span> 
     </span>
     <span class='ocr_line' id='line_1_34' title="bbox 262 2647 1294 2716; baseline 0.012 -20"><span class='ocrx_word' id='word_1_302' title='bbox 262 2647 409 2708; x_wconf 69' lang='lat' dir='ltr'><strong>mequeuter</strong></span> <span class='ocrx_word' id='word_1_303' title='bbox 427 2648 549 2708; x_wconf 84' lang='lat' dir='ltr'><strong>paverunt</strong></span> <span class='ocrx_word' id='word_1_304' title='bbox 566 2659 623 2695; x_wconf 85' lang='lat' dir='ltr'><strong>cum</strong></span> <span class='ocrx_word' id='word_1_305' title='bbox 640 2648 711 2711; x_wconf 78' lang='lat' dir='ltr'><strong>parte</strong></span> <span class='ocrx_word' id='word_1_306' title='bbox 731 2649 759 2696; x_wconf 89' lang='lat' dir='ltr'><strong>in</strong></span> <span class='ocrx_word' id='word_1_307' title='bbox 778 2647 827 2709; x_wconf 80' lang='lat' dir='ltr'><strong>qui</strong></span> <span class='ocrx_word' id='word_1_308' title='bbox 841 2647 992 2700; x_wconf 77' lang='lat' dir='ltr'><strong>nullatenus.</strong></span> <span class='ocrx_word' id='word_1_309' title='bbox 1003 2651 1065 2703; x_wconf 76' lang='lat' dir='ltr'><strong>ltili</strong></span> <span class='ocrx_word' id='word_1_310' title='bbox 1081 2649 1096 2701; x_wconf 80' lang='lat' dir='ltr'><strong>e</strong></span> <span class='ocrx_word' id='word_1_311' title='bbox 1112 2649 1195 2702; x_wconf 76' lang='lat' dir='ltr'><strong>contri</strong></span> <span class='ocrx_word' id='word_1_312' title='bbox 1211 2657 1294 2716; x_wconf 83' lang='lat' dir='ltr'><strong>sylvas</strong></span> 
     </span>
     <span class='ocr_line' id='line_1_35' title="bbox 263 2711 1294 2784; baseline 0.009 -19"><span class='ocrx_word' id='word_1_313' title='bbox 263 2712 318 2766; x_wconf 79' lang='lat' dir='ltr'><strong>iere</strong></span> <span class='ocrx_word' id='word_1_314' title='bbox 336 2715 488 2777; x_wconf 82' lang='lat' dir='ltr'><strong>destructas,</strong></span> <span class='ocrx_word' id='word_1_315' title='bbox 501 2711 559 2766; x_wconf 81' lang='lat' dir='ltr'><strong>edm</strong></span> <span class='ocrx_word' id='word_1_316' title='bbox 568 2714 645 2765; x_wconf 88' lang='lat' dir='ltr'><strong>totius</strong></span> <span class='ocrx_word' id='word_1_317' title='bbox 662 2713 716 2766; x_wconf 78' lang='lat' dir='ltr'><strong>iere</strong></span> <span class='ocrx_word' id='word_1_318' title='bbox 730 2717 914 2774; x_wconf 65' lang='lat' dir='ltr'><strong>communitatis</strong></span> <span class='ocrx_word' id='word_1_319' title='bbox 925 2717 1040 2778; x_wconf 80' lang='lat' dir='ltr'><strong>jumenta</strong></span> <span class='ocrx_word' id='word_1_320' title='bbox 1052 2721 1080 2770; x_wconf 92' lang='lat' dir='ltr'><strong>in</strong></span> <span class='ocrx_word' id='word_1_321' title='bbox 1088 2721 1124 2770; x_wconf 90' lang='lat' dir='ltr'><strong>eis</strong></span> <span class='ocrx_word' id='word_1_322' title='bbox 1133 2735 1213 2784; x_wconf 90' lang='lat' dir='ltr'><strong>nuper</strong></span> <span class='ocrx_word' id='word_1_323' title='bbox 1223 2725 1294 2778; x_wconf 79' lang='lat' dir='ltr'><strong>casia</strong></span> 
     </span>
     <span class='ocr_line' id='line_1_36' title="bbox 282 2785 1153 2834; baseline 0.015 -2"><span class='ocrx_word' id='word_1_324' title='bbox 282 2785 395 2834; x_wconf 84' lang='lat' dir='ltr'><strong>averant.</strong></span> <span class='ocrx_word' id='word_1_325' title='bbox 1151 2805 1153 2812; x_wconf 89' lang='lat'>·</span> 
     </span>
    </p>

    <p class='ocr_par' dir='ltr' id='par_1_10' title="bbox 261 2795 1293 3115">
     <span class='ocr_line' id='line_1_37' title="bbox 263 2795 1293 2919; baseline 0.014 -20"><span class='ocrx_word' id='word_1_326' title='bbox 263 2795 281 2848; x_wconf 58' lang='lat' dir='ltr'><strong>P</strong></span> <span class='ocrx_word' id='word_1_327' title='bbox 294 2847 380 2910; x_wconf 81' lang='lat' dir='ltr'><strong>Quotd</strong></span> <span class='ocrx_word' id='word_1_328' title='bbox 389 2851 478 2900; x_wconf 82' lang='lat' dir='ltr'><strong>herbas</strong></span> <span class='ocrx_word' id='word_1_329' title='bbox 487 2851 513 2902; x_wconf 90' lang='lat' dir='ltr'><strong>in</strong></span> <span class='ocrx_word' id='word_1_330' title='bbox 523 2852 599 2915; x_wconf 83' lang='lat' dir='ltr'><strong>sylvia</strong></span> <span class='ocrx_word' id='word_1_331' title='bbox 608 2865 689 2914; x_wconf 87' lang='lat' dir='ltr'><strong>nuper</strong></span> <span class='ocrx_word' id='word_1_332' title='bbox 699 2853 768 2902; x_wconf 77' lang='lat' dir='ltr'><strong>casis</strong></span> <span class='ocrx_word' id='word_1_333' title='bbox 777 2853 935 2919; x_wconf 69' lang='lat' dir='ltr'><strong>colligentes,</strong></span> <span class='ocrx_word' id='word_1_334' title='bbox 944 2853 1017 2919; x_wconf 66' lang='lat' dir='ltr'><strong>longi</strong></span> <span class='ocrx_word' id='word_1_335' title='bbox 1033 2857 1116 2908; x_wconf 85' lang='lat' dir='ltr'><strong>minua</strong></span> <span class='ocrx_word' id='word_1_336' title='bbox 1129 2857 1210 2911; x_wconf 83' lang='lat' dir='ltr'><strong>adlrdc</strong></span> <span class='ocrx_word' id='word_1_337' title='bbox 1222 2862 1293 2912; x_wconf 80' lang='lat' dir='ltr'><strong>‹lans-</strong></span> 
     </span>
     <span class='ocr_line' id='line_1_38' title="bbox 262 2918 1292 2990; baseline 0.017 -25"><span class='ocrx_word' id='word_1_338' title='bbox 262 2930 324 2966; x_wconf 78' lang='lat' dir='ltr'><strong>mam</strong></span> <span class='ocrx_word' id='word_1_339' title='bbox 333 2918 459 2980; x_wconf 88' lang='lat' dir='ltr'><strong>inierunt,</strong></span> <span class='ocrx_word' id='word_1_340' title='bbox 468 2922 642 2970; x_wconf 88' lang='lat' dir='ltr'><strong>saltem-sisini</strong></span> <span class='ocrx_word' id='word_1_341' title='bbox 650 2922 726 2971; x_wconf 86' lang='lat' dir='ltr'><strong>canii.</strong></span> <span class='ocrx_word' id='word_1_342' title='bbox 736 2921 788 2971; x_wconf 84' lang='lat' dir='ltr'><strong>lmt</strong></span> <span class='ocrx_word' id='word_1_343' title='bbox 799 2921 963 2975; x_wconf 78' lang='lat' dir='ltr'><strong>tertinullum</strong></span> <span class='ocrx_word' id='word_1_344' title='bbox 972 2928 1062 2988; x_wconf 77' lang='lat' dir='ltr'><strong>praeter</strong></span> <span class='ocrx_word' id='word_1_345' title='bbox 1070 2929 1132 2977; x_wconf 91' lang='lat' dir='ltr'><strong>illud</strong></span> <span class='ocrx_word' id='word_1_346' title='bbox 1141 2931 1207 2990; x_wconf 88' lang='lat' dir='ltr'><strong>quod</strong></span> <span class='ocrx_word' id='word_1_347' title='bbox 1217 2945 1292 2982; x_wconf 89' lang='lat' dir='ltr'><strong>exur-</strong></span> 
     </span>
     <span class='ocr_line' id='line_1_39' title="bbox 262 2986 1292 3058; baseline 0.019 -27"><span class='ocrx_word' id='word_1_348' title='bbox 262 2997 321 3044; x_wconf 67' lang='lat' dir='ltr'><strong>gere</strong></span> <span class='ocrx_word' id='word_1_349' title='bbox 331 2986 413 3046; x_wconf 90' lang='lat' dir='ltr'><strong>potest</strong></span> <span class='ocrx_word' id='word_1_350' title='bbox 421 2988 452 3034; x_wconf 89' lang='lat' dir='ltr'><strong>ob</strong></span> <span class='ocrx_word' id='word_1_351' title='bbox 463 2987 552 3036; x_wconf 82' lang='lat' dir='ltr'><strong>herlae</strong></span> <span class='ocrx_word' id='word_1_352' title='bbox 562 2989 589 3036; x_wconf 91' lang='lat' dir='ltr'><strong>in</strong></span> <span class='ocrx_word' id='word_1_353' title='bbox 600 2991 655 3038; x_wconf 91' lang='lat' dir='ltr'><strong>loco</strong></span> <span class='ocrx_word' id='word_1_354' title='bbox 664 3001 714 3038; x_wconf 92' lang='lat' dir='ltr'><strong>non</strong></span> <span class='ocrx_word' id='word_1_355' title='bbox 721 2991 880 3051; x_wconf 81' lang='lat' dir='ltr'><strong>putrefactas.</strong></span> <span class='ocrx_word' id='word_1_356' title='bbox 886 2995 992 3043; x_wconf 81' lang='lat' dir='ltr'><strong>Peccant</strong></span> <span class='ocrx_word' id='word_1_357' title='bbox 1002 2997 1100 3058; x_wconf 63' lang='lat' dir='ltr'><strong>tarnem</strong></span> <span class='ocrx_word' id='word_1_358' title='bbox 1109 2999 1197 3047; x_wconf 87' lang='lat' dir='ltr'><strong>saltem</strong></span> <span class='ocrx_word' id='word_1_359' title='bbox 1207 2996 1292 3051; x_wconf 72' lang='lat' dir='ltr'><strong>contri</strong></span> 
     </span>
     <span class='ocr_line' id='line_1_40' title="bbox 261 3052 1013 3115; baseline 0.019 -16"><span class='ocrx_word' id='word_1_360' title='bbox 261 3052 447 3114; x_wconf 65' lang='lat' dir='ltr'><strong>tepescentis,</strong></span> <span class='ocrx_word' id='word_1_361' title='bbox 458 3055 595 3115; x_wconf 86' lang='lat' dir='ltr'><strong>praesertim</strong></span> <span class='ocrx_word' id='word_1_362' title='bbox 605 3057 626 3104; x_wconf 89' lang='lat' dir='ltr'><strong>si</strong></span> <span class='ocrx_word' id='word_1_363' title='bbox 640 3059 775 3108; x_wconf 83' lang='lat' dir='ltr'><strong>necessitas</strong></span> <span class='ocrx_word' id='word_1_364' title='bbox 788 3073 831 3110; x_wconf 90' lang='lat' dir='ltr'><strong>eos</strong></span> <span class='ocrx_word' id='word_1_365' title='bbox 840 3074 889 3110; x_wconf 91' lang='lat' dir='ltr'><strong>non</strong></span> <span class='ocrx_word' id='word_1_366' title='bbox 900 3065 1013 3114; x_wconf 88' lang='lat' dir='ltr'><strong>excuset.</strong></span> 
     </span>
    </p>

    <p class='ocr_par' dir='ltr' id='par_1_11' title="bbox 259 3122 1292 3527">
     <span class='ocr_line' id='line_1_41' title="bbox 275 3122 1292 3200; baseline 0.018 -32"><span class='ocrx_word' id='word_1_367' title='bbox 275 3187 281 3200; x_wconf 37' lang='grc' dir='ltr'>ι</span> <span class='ocrx_word' id='word_1_368' title='bbox 292 3122 353 3170; x_wconf 87' lang='lat' dir='ltr'><strong>Nota</strong></span> <span class='ocrx_word' id='word_1_369' title='bbox 363 3133 371 3169; x_wconf 80' lang='lat' dir='ltr'><strong>a</strong></span> <span class='ocrx_word' id='word_1_370' title='bbox 382 3122 478 3172; x_wconf 85' lang='lat' dir='ltr'><strong>ltulctae</strong></span> <span class='ocrx_word' id='word_1_371' title='bbox 488 3136 548 3184; x_wconf 79' lang='lat' dir='ltr'><strong>quas</strong></span> <span class='ocrx_word' id='word_1_372' title='bbox 562 3126 668 3185; x_wconf 81' lang='lat' dir='ltr'><strong>majores</strong></span> <span class='ocrx_word' id='word_1_373' title='bbox 681 3127 817 3177; x_wconf 84' lang='lat' dir='ltr'><strong>identidem</strong></span> <span class='ocrx_word' id='word_1_374' title='bbox 827 3131 925 3181; x_wconf 74' lang='lat' dir='ltr'><strong>solvunt</strong></span> <span class='ocrx_word' id='word_1_375' title='bbox 937 3132 1058 3192; x_wconf 69' lang='lat' dir='ltr'><strong>lignorum</strong></span> <span class='ocrx_word' id='word_1_376' title='bbox 1068 3133 1150 3196; x_wconf 84' lang='lat' dir='ltr'><strong>turea,</strong></span> <span class='ocrx_word' id='word_1_377' title='bbox 1162 3129 1176 3184; x_wconf 75' lang='lat' dir='ltr'><strong>a</strong></span> <span class='ocrx_word' id='word_1_378' title='bbox 1189 3137 1292 3186; x_wconf 83' lang='lat' dir='ltr'><strong>restitn-</strong></span> 
     </span>
     <span class='ocr_line' id='line_1_42' title="bbox 260 3187 1290 3268; baseline 0.017 -32"><span class='ocrx_word' id='word_1_379' title='bbox 260 3187 330 3238; x_wconf 83' lang='lat' dir='ltr'><strong>trone</strong></span> <span class='ocrx_word' id='word_1_380' title='bbox 341 3202 443 3242; x_wconf 90' lang='lat' dir='ltr'><strong>eosuon</strong></span> <span class='ocrx_word' id='word_1_381' title='bbox 453 3193 580 3256; x_wconf 89' lang='lat' dir='ltr'><strong>eximunt,</strong></span> <span class='ocrx_word' id='word_1_382' title='bbox 596 3195 645 3243; x_wconf 87' lang='lat' dir='ltr'><strong>nisi</strong></span> <span class='ocrx_word' id='word_1_383' title='bbox 655 3207 700 3256; x_wconf 91' lang='lat' dir='ltr'><strong>pro</strong></span> <span class='ocrx_word' id='word_1_384' title='bbox 713 3195 875 3248; x_wconf 86' lang='lat' dir='ltr'><strong>indemnitate</strong></span> <span class='ocrx_word' id='word_1_385' title='bbox 893 3199 1014 3260; x_wconf 81' lang='lat' dir='ltr'><strong>impositae</strong></span> <span class='ocrx_word' id='word_1_386' title='bbox 1024 3201 1088 3260; x_wconf 88' lang='lat' dir='ltr'><strong>sint,</strong></span> <span class='ocrx_word' id='word_1_387' title='bbox 1104 3202 1132 3250; x_wconf 92' lang='lat' dir='ltr'><strong>ut</strong></span> <span class='ocrx_word' id='word_1_388' title='bbox 1147 3201 1290 3268; x_wconf 77' lang='lat' dir='ltr'><strong>partimiit3</strong></span> 
     </span>
     <span class='ocr_line' id='line_1_43' title="bbox 261 3259 1292 3334; baseline 0.016 -28"><span class='ocrx_word' id='word_1_389' title='bbox 261 3267 320 3306; x_wconf 85' lang='lat' dir='ltr'><strong>nam</strong></span> <span class='ocrx_word' id='word_1_390' title='bbox 329 3259 356 3306; x_wconf 92' lang='lat' dir='ltr'><strong>et</strong></span> <span class='ocrx_word' id='word_1_391' title='bbox 365 3260 455 3308; x_wconf 89' lang='lat' dir='ltr'><strong>mulcta</strong></span> <span class='ocrx_word' id='word_1_392' title='bbox 466 3260 601 3323; x_wconf 79' lang='lat' dir='ltr'><strong>imponItur</strong></span> <span class='ocrx_word' id='word_1_393' title='bbox 611 3266 636 3313; x_wconf 91' lang='lat' dir='ltr'><strong>et</strong></span> <span class='ocrx_word' id='word_1_394' title='bbox 646 3264 794 3316; x_wconf 88' lang='lat' dir='ltr'><strong>indemnitas</strong></span> <span class='ocrx_word' id='word_1_395' title='bbox 804 3268 955 3330; x_wconf 82' lang='lat' dir='ltr'><strong>praecipitur.</strong></span> <span class='ocrx_word' id='word_1_396' title='bbox 964 3269 989 3317; x_wconf 83' lang='lat' dir='ltr'><strong>Si</strong></span> <span class='ocrx_word' id='word_1_397' title='bbox 1001 3266 1057 3328; x_wconf 72' lang='lat' dir='ltr'><strong>erat</strong></span> <span class='ocrx_word' id='word_1_398' title='bbox 1066 3267 1215 3320; x_wconf 86' lang='lat' dir='ltr'><strong>indemnitas</strong></span> <span class='ocrx_word' id='word_1_399' title='bbox 1224 3287 1292 3334; x_wconf 77' lang='lat' dir='ltr'><strong>prae·</strong></span> 
     </span>
     <span class='ocr_line' id='line_1_44' title="bbox 260 3325 1289 3397; baseline 0.019 -24"><span class='ocrx_word' id='word_1_400' title='bbox 260 3325 333 3386; x_wconf 87' lang='lat' dir='ltr'><strong>cepta</strong></span> <span class='ocrx_word' id='word_1_401' title='bbox 343 3327 460 3377; x_wconf 86' lang='lat' dir='ltr'><strong>damnum</strong></span> <span class='ocrx_word' id='word_1_402' title='bbox 476 3332 594 3392; x_wconf 86' lang='lat' dir='ltr'><strong>excedat,</strong></span> <span class='ocrx_word' id='word_1_403' title='bbox 607 3333 650 3382; x_wconf 85' lang='lat' dir='ltr'><strong>hic</strong></span> <span class='ocrx_word' id='word_1_404' title='bbox 665 3347 781 3385; x_wconf 89' lang='lat' dir='ltr'><strong>excessus</strong></span> <span class='ocrx_word' id='word_1_405' title='bbox 791 3337 880 3386; x_wconf 85' lang='lat' dir='ltr'><strong>deduci</strong></span> <span class='ocrx_word' id='word_1_406' title='bbox 894 3333 1001 3397; x_wconf 82' lang='lat' dir='ltr'><strong>potestt</strong></span> <span class='ocrx_word' id='word_1_407' title='bbox 1014 3335 1108 3386; x_wconf 81' lang='lat' dir='ltr'><strong>summa</strong></span> <span class='ocrx_word' id='word_1_408' title='bbox 1125 3341 1289 3397; x_wconf 77' lang='lat' dir='ltr'><strong>restituendi.</strong></span> 
     </span>
     <span class='ocr_line' id='line_1_45' title="bbox 260 3393 1290 3472; baseline 0.022 -31"><span class='ocrx_word' id='word_1_409' title='bbox 260 3393 316 3456; x_wconf 85' lang='lat' dir='ltr'><strong>Ipsa</strong></span> <span class='ocrx_word' id='word_1_410' title='bbox 326 3397 430 3458; x_wconf 88' lang='lat' dir='ltr'><strong>mulcta,</strong></span> <span class='ocrx_word' id='word_1_411' title='bbox 440 3397 563 3448; x_wconf 78' lang='lat' dir='ltr'><strong>ordinarit</strong></span> <span class='ocrx_word' id='word_1_412' title='bbox 572 3401 673 3463; x_wconf 90' lang='lat' dir='ltr'><strong>saltem,</strong></span> <span class='ocrx_word' id='word_1_413' title='bbox 683 3405 721 3453; x_wconf 88' lang='lat' dir='ltr'><strong>est</strong></span> <span class='ocrx_word' id='word_1_414' title='bbox 730 3401 832 3454; x_wconf 73' lang='lat' dir='ltr'><strong>merdin</strong></span> <span class='ocrx_word' id='word_1_415' title='bbox 841 3403 1012 3455; x_wconf 77' lang='lat' dir='ltr'><strong>vindictamet</strong></span> <span class='ocrx_word' id='word_1_416' title='bbox 1021 3406 1152 3472; x_wconf 89' lang='lat' dir='ltr'><strong>terrorem,</strong></span> <span class='ocrx_word' id='word_1_417' title='bbox 1162 3422 1211 3462; x_wconf 88' lang='lat' dir='ltr'><strong>uec</strong></span> <span class='ocrx_word' id='word_1_418' title='bbox 1221 3413 1290 3463; x_wconf 84' lang='lat' dir='ltr'><strong>dam·</strong></span> 
     </span>
     <span class='ocr_line' id='line_1_46' title="bbox 259 3467 689 3527; baseline 0.016 -15"><span class='ocrx_word' id='word_1_419' title='bbox 259 3475 320 3514; x_wconf 89' lang='lat' dir='ltr'><strong>num</strong></span> <span class='ocrx_word' id='word_1_420' title='bbox 329 3477 415 3527; x_wconf 86' lang='lat' dir='ltr'><strong>passo,</strong></span> <span class='ocrx_word' id='word_1_421' title='bbox 425 3467 470 3515; x_wconf 86' lang='lat' dir='ltr'><strong>sed</strong></span> <span class='ocrx_word' id='word_1_422' title='bbox 480 3468 599 3527; x_wconf 70' lang='lat' dir='ltr'><strong>gubernio</strong></span> <span class='ocrx_word' id='word_1_423' title='bbox 613 3472 689 3520; x_wconf 89' lang='lat' dir='ltr'><strong>cedit.</strong></span> 
     </span>
    </p>

    <p class='ocr_par' dir='ltr' id='par_1_12' title="bbox 257 3531 1289 3884">
     <span class='ocr_line' id='line_1_47' title="bbox 289 3531 1289 3612; baseline 0.019 -30"><span class='ocrx_word' id='word_1_424' title='bbox 289 3533 351 3582; x_wconf 86' lang='lat' dir='ltr'><strong>licta</strong></span> <span class='ocrx_word' id='word_1_425' title='bbox 369 3531 460 3584; x_wconf 83' lang='lat' dir='ltr'><strong>iterim</strong></span> <span class='ocrx_word' id='word_1_426' title='bbox 471 3548 479 3585; x_wconf 79' lang='lat' dir='ltr'><strong>a</strong></span> <span class='ocrx_word' id='word_1_427' title='bbox 489 3539 542 3586; x_wconf 83' lang='lat' dir='ltr'><strong>lton</strong></span> <span class='ocrx_word' id='word_1_428' title='bbox 560 3537 690 3604; x_wconf 69' lang='lat' dir='ltr'><strong>rigidiores</strong></span> <span class='ocrx_word' id='word_1_429' title='bbox 703 3551 757 3588; x_wconf 90' lang='lat' dir='ltr'><strong>esse</strong></span> <span class='ocrx_word' id='word_1_430' title='bbox 768 3540 859 3589; x_wconf 86' lang='lat' dir='ltr'><strong>debent</strong></span> <span class='ocrx_word' id='word_1_431' title='bbox 868 3540 1013 3592; x_wconf 79' lang='lat' dir='ltr'><strong>confessarii</strong></span> <span class='ocrx_word' id='word_1_432' title='bbox 1029 3540 1087 3606; x_wconf 74' lang='lat' dir='ltr'><strong>erga</strong></span> <span class='ocrx_word' id='word_1_433' title='bbox 1098 3546 1214 3612; x_wconf 75' lang='lat' dir='ltr'><strong>ramulos,</strong></span> <span class='ocrx_word' id='word_1_434' title='bbox 1225 3564 1289 3612; x_wconf 79' lang='lat' dir='ltr'><strong>prae·</strong></span> 
     </span>
     <span class='ocr_line' id='line_1_48' title="bbox 260 3599 1286 3673; baseline 0.019 -23"><span class='ocrx_word' id='word_1_435' title='bbox 260 3599 345 3650; x_wconf 85' lang='lat' dir='ltr'><strong>sertim</strong></span> <span class='ocrx_word' id='word_1_436' title='bbox 352 3603 475 3666; x_wconf 78' lang='lat' dir='ltr'><strong>iuniores,</strong></span> <span class='ocrx_word' id='word_1_437' title='bbox 486 3606 528 3667; x_wconf 84' lang='lat' dir='ltr'><strong>qui</strong></span> <span class='ocrx_word' id='word_1_438' title='bbox 537 3606 607 3666; x_wconf 82' lang='lat' dir='ltr'><strong>jussu</strong></span> <span class='ocrx_word' id='word_1_439' title='bbox 624 3607 778 3657; x_wconf 90' lang='lat' dir='ltr'><strong>dominorum</strong></span> <span class='ocrx_word' id='word_1_440' title='bbox 787 3608 898 3667; x_wconf 82' lang='lat' dir='ltr'><strong>iumenta</strong></span> <span class='ocrx_word' id='word_1_441' title='bbox 913 3609 939 3659; x_wconf 91' lang='lat' dir='ltr'><strong>in</strong></span> <span class='ocrx_word' id='word_1_442' title='bbox 949 3625 1041 3673; x_wconf 89' lang='lat' dir='ltr'><strong>pascua</strong></span> <span class='ocrx_word' id='word_1_443' title='bbox 1051 3616 1131 3665; x_wconf 85' lang='lat' dir='ltr'><strong>vetita</strong></span> <span class='ocrx_word' id='word_1_444' title='bbox 1151 3618 1286 3672; x_wconf 90' lang='lat' dir='ltr'><strong>duxerunt.</strong></span> 
     </span>
     <span class='ocr_line' id='line_1_49' title="bbox 258 3667 1286 3747; baseline 0.022 -33"><span class='ocrx_word' id='word_1_445' title='bbox 258 3667 451 3721; x_wconf 76' lang='lat' dir='ltr'><strong>Praesurnieninr</strong></span> <span class='ocrx_word' id='word_1_446' title='bbox 460 3675 541 3736; x_wconf 85' lang='lat' dir='ltr'><strong>potest</strong></span> <span class='ocrx_word' id='word_1_447' title='bbox 550 3676 664 3726; x_wconf 83' lang='lat' dir='ltr'><strong>voluntas</strong></span> <span class='ocrx_word' id='word_1_448' title='bbox 672 3677 829 3740; x_wconf 84' lang='lat' dir='ltr'><strong>proprietarii</strong></span> <span class='ocrx_word' id='word_1_449' title='bbox 838 3689 881 3727; x_wconf 90' lang='lat' dir='ltr'><strong>eos</strong></span> <span class='ocrx_word' id='word_1_450' title='bbox 889 3692 940 3729; x_wconf 92' lang='lat' dir='ltr'><strong>non</strong></span> <span class='ocrx_word' id='word_1_451' title='bbox 949 3681 1074 3744; x_wconf 72' lang='lat' dir='ltr'><strong>eruamur</strong></span> <span class='ocrx_word' id='word_1_452' title='bbox 1089 3686 1122 3734; x_wconf 87' lang='lat' dir='ltr'><strong>ad</strong></span> <span class='ocrx_word' id='word_1_453' title='bbox 1137 3688 1243 3747; x_wconf 84' lang='lat' dir='ltr'><strong>apicem.</strong></span> <span class='ocrx_word' id='word_1_454' title='bbox 1252 3688 1286 3737; x_wconf 82' lang='lat' dir='ltr'><strong>lis</strong></span> 
     </span>
     <span class='ocr_line' id='line_1_50' title="bbox 259 3735 1286 3818; baseline 0.02 -33"><span class='ocrx_word' id='word_1_455' title='bbox 259 3735 371 3800; x_wconf 77' lang='lat' dir='ltr'><strong>famulis,</strong></span> <span class='ocrx_word' id='word_1_456' title='bbox 382 3741 403 3790; x_wconf 90' lang='lat' dir='ltr'><strong>si</strong></span> <span class='ocrx_word' id='word_1_457' title='bbox 413 3743 467 3792; x_wconf 84' lang='lat' dir='ltr'><strong>heri</strong></span> <span class='ocrx_word' id='word_1_458' title='bbox 479 3745 510 3793; x_wconf 85' lang='lat' dir='ltr'><strong>ab</strong></span> <span class='ocrx_word' id='word_1_459' title='bbox 519 3745 556 3793; x_wconf 92' lang='lat' dir='ltr'><strong>eis</strong></span> <span class='ocrx_word' id='word_1_460' title='bbox 567 3745 655 3794; x_wconf 88' lang='lat' dir='ltr'><strong>moniti</strong></span> <span class='ocrx_word' id='word_1_461' title='bbox 664 3757 714 3796; x_wconf 88' lang='lat' dir='ltr'><strong>non</strong></span> <span class='ocrx_word' id='word_1_462' title='bbox 730 3747 875 3811; x_wconf 85' lang='lat' dir='ltr'><strong>restituant,</strong></span> <span class='ocrx_word' id='word_1_463' title='bbox 892 3752 1047 3811; x_wconf 79' lang='lat' dir='ltr'><strong>cumularem</strong></span> <span class='ocrx_word' id='word_1_464' title='bbox 1063 3756 1231 3804; x_wconf 85' lang='lat' dir='ltr'><strong>remissionem</strong></span> <span class='ocrx_word' id='word_1_465' title='bbox 1241 3769 1286 3818; x_wconf 86' lang='lat' dir='ltr'><strong>pc·</strong></span> 
     </span>
     <span class='ocr_line' id='line_1_51' title="bbox 257 3804 1284 3884; baseline 0.022 -31"><span class='ocrx_word' id='word_1_466' title='bbox 257 3804 326 3870; x_wconf 89' lang='lat' dir='ltr'><strong>tere,</strong></span> <span class='ocrx_word' id='word_1_467' title='bbox 336 3821 409 3871; x_wconf 88' lang='lat' dir='ltr'><strong>quam</strong></span> <span class='ocrx_word' id='word_1_468' title='bbox 419 3810 552 3876; x_wconf 83' lang='lat' dir='ltr'><strong>saepissimd</strong></span> <span class='ocrx_word' id='word_1_469' title='bbox 563 3813 717 3869; x_wconf 85' lang='lat' dir='ltr'><strong>obtinerent.</strong></span> <span class='ocrx_word' id='word_1_470' title='bbox 728 3815 748 3864; x_wconf 88' lang='lat' dir='ltr'><strong>si</strong></span> <span class='ocrx_word' id='word_1_471' title='bbox 760 3817 846 3868; x_wconf 86' lang='lat' dir='ltr'><strong>saltem</strong></span> <span class='ocrx_word' id='word_1_472' title='bbox 857 3819 974 3871; x_wconf 88' lang='lat' dir='ltr'><strong>damnum</strong></span> <span class='ocrx_word' id='word_1_473' title='bbox 983 3835 1031 3874; x_wconf 87' lang='lat' dir='ltr'><strong>non</strong></span> <span class='ocrx_word' id='word_1_474' title='bbox 1043 3823 1075 3872; x_wconf 88' lang='lat' dir='ltr'><strong>sit</strong></span> <span class='ocrx_word' id='word_1_475' title='bbox 1084 3820 1188 3874; x_wconf 88' lang='lat' dir='ltr'><strong>multiun</strong></span> <span class='ocrx_word' id='word_1_476' title='bbox 1199 3837 1284 3884; x_wconf 65' lang='lat' dir='ltr'><strong>gravo</strong></span> 
     </span>
    </p>
   </div>
   <div class='ocr_carea' id='block_1_7' title="bbox 0 0 1470 4658">
    <p class='ocr_par' dir='ltr' id='par_1_13' title="bbox 0 0 1470 4658">
     <span class='ocr_line' id='line_1_52' title="bbox 0 0 1470 4658; baseline 0 5"><span class='ocrx_word' id='word_1_477' title='bbox 0 0 1470 4658; x_wconf 95' lang='lat' dir='ltr'><strong> </strong></span> 
     </span>
    </p>
   </div>
  </div>
 </body>
</html>
