2948 4676
173 437 1202 484 amana-*m

281 571 282 576 Ν
360 610 611 708 nominat
638 607 1012 700 necessariori.

613 851 765 876 ‘nn—q

292 1080 303 1090 ,
321 1021 513 1114 noeros,

226 1259 360 1336 Pauci
374 1251 434 1326 hic
449 1253 492 1325 de
507 1273 593 1328 meo
609 1249 731 1339 hahes,
750 1267 885 1348 praeter
896 1274 1020 1327 rerum
1032 1253 1200 1333 ordinem

176 1381 212 1444 et
228 1364 370 1438 dicendi
387 1365 558 1450 modum„
574 1363 768 1464 Ordinem,
789 1365 984 1455 quantum,
1000 1367 1055 1436 vel
1070 1365 1109 1436 in
1126 1367 1201 1438 mi-

179 1473 387 1558 nutissimis,
408 1496 549 1544 servare
571 1485 721 1542 conatus
738 1472 824 1557 sim,
852 1475 982 1544 attente
998 1473 1202 1574 inspicienti

179 1572 447 1680 patebit3sed1in
457 1580 600 1653 dicendi
610 1581 719 1654 modo
729 1579 864 1654 frustrd
872 1581 1091 1678 lepiditatem
1100 1607 1202 1676 quae·

179 1689 238 1766 ras
260 1723 268 1766 :
291 1717 366 1765 non
384 1691 482 1764 enim
503 1704 685 1786 poteram,
704 1690 885 1764 aeternari
898 1717 954 1764 res
976 1691 1055 1790 ipsa
1072 1703 1197 1791 negat,

177 1811 340 1875 contenta
364 1797 495 1873 doceri.
515 1797 684 1872 Barbaris
705 1799 781 1872 imd
797 1798 944 1872 vocibus
964 1801 1198 1894 quibusdam,

177 1911 303 1984 italicis
315 1909 466 2000 idedque
478 1909 629 1984 exaratis
640 1907 904 1980 characteribus
912 1911 1056 1982 veniam
1066 1913 1202 1986 donare

177 2021 274 2093 velis.
291 2022 340 2092 Et
355 2019 528 2111 conqueri
546 2019 678 2113 poteris
692 2041 751 2090 me
765 2019 855 2114 stylo
872 2042 980 2091 usum
994 2021 1199 2102 concisiori.
1250 2092 1255 2096 ,

176 2130 243 2202 Ast
260 2129 403 2227 primus
426 2129 491 2200 iste
515 2129 583 2224 fuit
599 2151 730 2222 scopus
745 2129 860 2199 multa
877 2128 994 2202 dicere
1013 2129 1148 2226 paucis,
1168 2143 1204 2204 et

178 2264 324 2335 parcere
341 2237 530 2310 volumini.
547 2237 681 2309 Omnia
693 2237 779 2334 ergo
793 2235 901 2312 verba
915 2262 1115 2337 eorumque
1129 2240 1203 2314 vim

178 2351 378 2446 perpende,
399 2358 434 2420 et
450 2349 591 2420 attende
600 2347 871 2446 punctuationi,
893 2351 938 2422 ne
954 2363 1106 2442 autnon
1123 2376 1204 2446 per·

179 2459 309 2554 cipias,
332 2471 393 2530 aut
409 2459 515 2530 male.
537 2455 691 2528 Aliunde
708 2471 749 2528 ut
764 2454 1059 2546 rememorareris
1075 2462 1203 2557 scripsi

179 2567 409 2663 potiusqudm
422 2581 462 2638 ut
478 2567 649 2652 disceres;
663 2566 713 2640 itt
726 2581 766 2639 ut
779 2567 863 2641 siin
875 2569 1070 2668 theologiae
1085 2573 1204 2644 studio
1256 2569 1259 2578 '

179 2677 288 2750 fueris
310 2676 428 2750 soldm
444 2678 709 2774 peregrinatus,
729 2677 862 2772 pariam
877 2678 948 2750 hoc
962 2677 1029 2760 tibi
1044 2703 1202 2772 opuscu-

179 2788 257 2860 lum
273 2787 461 2884 profuerit.
482 2777 562 2860 lm‘t
580 2785 672 2859 absit
687 2800 728 2855 ut
742 2787 923 2882 longiores
940 2799 1111 2858 tractatus
1129 2811 1205 2860 non
1291 2834 1304 2842 -

180 2896 276 2993 legas
300 2897 461 2988 unquam
487 2909 548 2968 aut
572 2897 756 2980 consulas,
784 2893 1005 2987 omninoque
1022 2919 1205 2970 removeas

180 3003 361 3078 breviores
381 3007 421 3076 in
444 3003 573 3098 quibus
598 3004 835 3078 adolescentia
855 3018 917 3076 tua
933 3005 1121 3079 exercitata
1137 3022 1202 3082 est.

146 3195 149 3202 λ
181 3117 259 3188 Etsi
275 3118 373 3190 enim
386 3131 468 3211 post
480 3117 614 3190 multos
631 3117 805 3211 perlectos
819 3114 1003 3188 variarum
1015 3117 1206 3193 nationum

182 3240 357 3313 auctores,
375 3228 644 3322 consultosque,
661 3223 723 3296 ubi
736 3249 840 3320 opus,
857 3227 1067 3322 grandiores
1079 3241 1206 3302 tracta-

182 3349 257 3421 tus,
276 3335 344 3407 hos
366 3334 651 3431 composuerim,
671 3335 712 3405 in
732 3334 852 3428 eisque
869 3336 984 3407 multa
1000 3350 1205 3434 reperturus

183 3443 231 3514 sis
248 3468 334 3536 quae
353 3444 393 3516 in
407 3443 568 3541 pluribus
585 3444 662 3517 aliis
675 3443 810 3516 frustrd
823 3467 1021 3537 quaereres,
1038 3458 1207 3519 annotata

183 3567 306 3625 tamen
334 3554 440 3628 omisi
465 3556 595 3640 multa,
620 3578 772 3626 succum
795 3555 869 3627 fere
894 3577 1040 3627 servans
1066 3555 1204 3642 solum;

140 3651 144 3658 ’
184 3661 273 3734 adeo
294 3675 335 3734 nt
355 3687 432 3735 non
452 3661 584 3735 habeas
596 3658 656 3734 hic
673 3663 743 3734 nisi
760 3663 1020 3757 compendium
1034 3663 1204 3761 locuples,
1271 3665 1276 3678 '

184 3783 236 3856 et,
253 3772 433 3846 mediante
449 3797 574 3844 rerum
585 3773 722 3860 indice,
739 3772 840 3868 quasi
853 3773 1033 3844 manuale.

234 3883 293 3952 Ad
314 3897 419 3956 notas
440 3883 564 3954 remisi
582 3881 662 3956 tdm
680 3883 927 3956 conclusiones
943 3881 1208 3978 principiorum
