2948 4676
577 337 886 395 nmsrrnnrrut.
1130 395 1131 398 a
1199 345 1239 412 71

223 426 345 496 casibus
359 425 523 494 reservatis
537 425 753 520 senonisque,
767 425 957 521 saltemque
970 425 1129 498 obstarent
1142 451 1247 524 recep-

223 523 301 591 tioni
316 536 578 596 sacramentorum
594 537 624 588 et
636 522 803 616 sepulturae
818 521 1042 590 ecclesiastieae.

266 617 333 686 Sed
347 615 473 684 adverte
489 621 519 682 1⁰
533 615 580 684 'sic
592 619 613 683 a'a
623 619 752 685 censura
758 618 915 686 reservati
927 616 1112 696 absolutum,
1127 615 1155 684 si
1163 641 1245 683 mor·

224 727 290 780 tem
304 711 428 791 evadat,
446 709 546 777 teneri
560 725 591 777 et
611 709 739 803 quidem
759 711 817 780 sub
831 713 925 806 poend
939 709 1146 778 reincidentiae
1167 709 1245 794 (ubi

225 807 309 899 viget
322 804 525 883 reincidentia
535 806 549 892 )
560 805 612 891 (d)
622 857 631 888 ,
642 805 751 875 sistere
765 832 799 876 se
813 831 919 877 eoram
935 805 1110 900 superiore,
1121 819 1174 880 aut
1186 829 1245 900 pro

200 943 201 946 =
226 903 325 970 mua
336 925 396 993 quo
410 899 567 969 ansoiutus
579 915 640 982 est,
653 901 836 994 approbato,
851 917 885 969 ut
895 901 1012 968 monita
1022 899 1177 994 suscipiat.
1189 898 1247 990 ¹De
1340 917 1342 921 “

225 991 284 1063 bac
300 1021 373 1087 ergo
385 993 570 1088 obligatione
582 995 752 1062 monendus
769 1011 831 1077 est,
853 1010 967 1064 etcum
987 996 1160 1086 juramento
1183 995 1245 1064 ad-

202 1135 204 1141 ι
224 1091 422 1182 stringendus
432 1106 467 1158 ut
480 1089 566 1156 illam
580 1089 764 1182 adimpleat,
780 1079 901 1184 aliaque
911 1106 1035 1185 praestet
1050 1089 1170 1174 omnia,
1184 1111 1245 1188 pro

225 1207 358 1280 quorum
368 1185 645 1257 omissionesuerat
657 1187 784 1254 censura
797 1185 921 1276 ligatus.

268 1287 301 1344 2⁰
310 1281 347 1350 si
360 1305 417 1376 per
433 1297 554 1374 tempus
565 1277 778 1362 liceat,debet
799 1281 941 1350 sacerdos
964 1307 1027 1350 non
1039 1281 1242 1380 approbatae,

225 1377 480 1472 approbationem
489 1392 605 1474 petere.
623 1369 660 1442 Si
672 1389 776 1480 tannen
790 1399 858 1443 earn
867 1401 928 1443 non
937 1391 1067 1472 peteret,
1079 1380 1182 1450 valide
1191 1381 1245 1448 ab·

227 1473 373 1539 solveret.
428 1545 431 1562 ¹
924 1487 927 1495 ⁴

269 1570 304 1634 3ο
317 1565 420 1633 Debet
431 1565 495 1660 ipse
504 1569 655 1662 poenitens
669 1567 817 1663 praeferre
830 1562 1032 1659 approbatum
1041 1595 1100 1662 pro
1109 1595 1244 1640 reserva-

228 1658 286 1744 tis,
302 1659 328 1727 si
342 1685 409 1754 quae
424 1661 547 1743 habeat,
563 1689 621 1758 pro
635 1663 745 1732 iisdem
759 1687 820 1728 non
834 1663 1004 1755 approbato
1015 1665 1075 1750 (e);
1089 1682 1119 1734 et
1126 1666 1245 1760 simpli.-

228 1755 304 1826 citer
317 1759 521 1851 approbatum
544 1759 716 1828 nullatenbs
731 1759 919 1854 approbato,
935 1783 1114 1852 suspensum
1135 1777 1188 1829 aut
1200 1763 1245 1830 in·

226 1852 392 1920 terdictum
406 1853 586 1944 irregulari3
603 1870 633 1922 et
644 1853 726 1920 hune
738 1853 997 1922 excommunicato
1009 1856 1200 1924 denunciato.

269 1947 305 2026 Si
320 1963 424 2016 tannn
436 1948 501 2037 jam
515 1948 649 2042 ineoepta
672 1949 712 2016 sit
729 1947 892 2029 consessio,
904 1965 1001 2016 cessat
1019 1950 1167 2044 praedicta
1181 1977 1245 2044 poe·

217 2041 353 2110 'nitentis
362 2042 525 2134 obligatio,
542 2043 604 2110 nisi
622 2043 720 2126 fortt'n,
735 2043 822 2110 finita
842 2042 1051 2124 confessione,
1067 2047 1245 2126 recordetur

162 2201 166 2210 .
228 2137 346 2234 peceati
360 2138 442 2230 quod
455 2142 541 2205 extra
555 2161 660 2206 casum
668 2136 858 2206 necessitatis
873 2135 1129 2234 debuisset‘apud
1139 2165 1196 2234 pro
1208 2165 1245 2210 eo

228 2233 431 2328 approbatum
446 2233 596 2304 confiteri.
1104 2320 1105 2324 Ἰ
1238 2255 1240 2278 ³
1333 2308 1334 2314 ἵ

270 2329 366 2417 Quod
380 2329 406 2396 si
417 2333 498 2420 aegre
512 2329 593 2396 ferat
607 2342 757 2422 aegrotans
769 2325 852 2423 apud
868 2328 1072 2424 approbatum
1087 2327 1243 2414 confiteri,

217 2419 367 2510 sdiseedat
380 2423 448 2506 iste,
466 2439 495 2492 et
506 2424 583 2492 alter
596 2440 667 2494 tune
678 2426 712 2493 fit
723 2425 909 2518 approbatus
924 2427 963 2496 ob
977 2425 1202 2496 necessitatem.

191 2522 197 2530 ’
236 2572 240 2583 t
267 2517 337 2586 lma
351 2517 378 2587 si
392 2543 482 2588 causa
495 2520 661 2590 aversionis
671 2520 847 2588 moribundi
862 2520 902 2588 sit
919 2521 1012 2590 timor
1025 2522 1160 2614 prudens
1175 2523 1246 2590 sub·
1298 2571 1299 2580 η

216 2614 390 2776 ¹pusionis,
406 2629 508 2712 potest
530 2639 593 2684 non
606 2617 793 2714 approbate,
809 2616 1158 2712 approbatupraesente,
1174 2641 1245 2696 con:

250 2725 325 2780 terr.
390 2779 391 2786 χ

260 2877 297 2942 (α)
308 2879 431 2940 Quidquid
437 2879 526 2930 dicant
543 2880 621 2942 attoni
630 2911 638 2940 ‚
646 2877 718 2930 reida
727 2879 759 2928 ad
768 2875 850 2928 minda
861 2878 984 2927 incertum
992 2878 1032 2927 eat
1047 2871 1131 2926 otrirn
1141 2876 1243 2937 rameii

229 2949 322 3008 possint
332 2951 367 2998 sie
378 2949 604 2998 sibieoniesearinn
613 2951 715 3009 eligere,
726 2950 771 2996 ubi
781 2949 838 2996 tatis
846 2960 895 2996 non
903 2949 941 2996 est
954 2959 1023 2996 usus.

261 3010 296 3074 (b)
308 3014 339 3062 Ut
349 3015 442 3064 actuale
451 3017 578 3075 praetium
588 3018 723 3077 periculosa
734 3019 760 3064 et
770 3013 840 3065 retdd
851 3018 922 3077 longa
931 3016 1096 3077 peregrinatio
1105 3016 1130 3063 in
1138 3013 1187 3076 qud
1196 3025 1246 3068 nen

228 3081 361 3132 habebitur
382 3086 454 3146 eopia
478 3086 636 3147 toniasarii3
653 3078 757 3148 'primos
775 3087 859 3148 partus
879 3087 1002 3135 mulieris.
1024 3087 1151 3148 Tteeotopur
1169 3087 1248 3147 pieto-

228 3155 324 3203 oraria.

257 3221 310 3268 Non
318 3221 459 3283 frequenter
469 3223 582 3284 inprime
591 3224 663 3285 partu
671 3237 735 3272 mors
743 3225 853 3273 recidere
859 3225 928 3272 solet.
941 3223 1061 3272 adderem
1070 3233 1127 3283 ergo
1137 3231 1144 3269 t
1156 3221 1178 3270 si
1187 3233 1247 3282 pru·

228 3287 315 3338 denter
323 3291 349 3338 iu
360 3304 399 3352 oo,
406 3305 438 3340 ex
447 3292 517 3342 rausi
528 3307 577 3342 non
586 3293 784 3354 ordinarii,mors
793 3295 917 3354 timeatur,
924 3293 999 3354 salsi,
1006 3294 1083 3340 morte
1092 3291 1248 3346 imminente.

228 3369 278 3407 nou
288 3360 378 3418 poterit
386 3361 469 3409 adesse
478 3363 599 3409 sacerdos.
609 3395 613 3403 .

228 3483 230 3487 ι
259 3425 292 3489 (o)
300 3429 369 3477 ttulit
380 3461 388 3488 ‚
399 3441 456 3478 oum
466 3432 578 3490 Fapnno
586 3463 596 3490 ‚
605 3429 733 3491 excipiunt
742 3432 879 3480 sacerdotes
888 3429 1017 3480 haereticos
1027 3431 1068 3481 ret
1081 3429 1250 3479 schismaticos

228 3497 335 3545 nowrios
343 3531 351 3557 ‚
360 3499 386 3546 et
394 3511 549 3548 eommunern
562 3511 615 3548 esse
624 3501 773 3550 sententiam
782 3501 934 3549 aitt'oletus.
946 3501 994 3549 Sed
1005 3500 1174 3558 multigentes
1190 3495 1250 3543 eon-

228 3565 331 3612 trarium
341 3568 450 3615 censent.
462 3568 586 3628 Quidquid
596 3569 643 3616 sit:
656 3571 760 3629 excepto
770 3569 921 3622 seductionis
931 3569 1052 3628 pertento,
1062 3569 1089 3614 in
1099 3575 1158 3613 enen
1167 3575 1252 3613 neees-

228 3632 308 3681 nitatis
318 3635 437 3684 utendum
448 3638 485 3685 est
499 3637 670 3695 jurisdictione
682 3637 766 3687 dubii.
778 3636 825 3686 llio
834 3639 919 3686 autern
934 3637 1021 3684 saitem
1035 3634 1111 3683 dubia
1123 3633 1161 3680 est
1175 3632 1252 3692 juris·

229 3701 316 3753 dictio.

258 3767 294 3834 (d)
306 3771 378 3832 Viget
386 3771 413 3820 in
420 3772 523 3822 dioeresl
533 3771 675 3822 Btsnntina.

258 3835 292 3904 (a)
301 3841 420 3904 inteiligit
432 3841 459 3888 Ρ.
468 3842 528 3890 Gab.
541 3842 595 3890 ant.
608 3844 688 3906 quoad
698 3843 835 3905 iioitatenr,
846 3839 972 3906 quietudo
983 3839 1051 3888 nulia
1062 3839 1098 3888 est
1108 3837 1250 3890 reservatio.
1350 3815 1354 3822 ⁵
