2932 4658
566 295 805 358 nncsuoer.
1128 283 1204 374 347·

174 370 265 451 aeos,
279 386 366 441 satiem
376 377 390 436 ι
401 373 586 446 conmnssuirieis
602 386 679 448 patris
691 387 731 434 sui
732 385 871 447 putativi,
881 384 933 434 irod
942 388 972 436 ιι
978 387 1058 450 totam
1068 388 1200 441 baeredita-

173 460 240 518 bem,
251 458 294 506 sed
302 469 351 504 non
361 456 428 504 valet
439 449 522 504 contra
531 455 698 504 adulterantes
706 455 749 515 qui
761 447 1052 516 prolemsupposueruut.
1064 459 1097 504 Ex
1108 472 1200 520 suppo-

173 527 263 574 sitione
275 539 341 574 enim
352 522 428 585 prolis
438 537 487 572 non
501 525 529 571 ut
539 521 626 583 causa
637 525 720 572 sedut
735 525 863 572 occasione
882 523 964 573 tluunt
977 525 1136 586 donationes,
1149 530 1198 576 nisi

172 595 255 644 forsan
265 594 391 654 supposita
401 593 476 642 tuerit
486 594 514 640 at
521 593 575 640 illas
586 593 730 641 donationes
740 593 844 640 baberet
859 591 924 655 toll,
940 592 976 656 b].
993 595 1126 643 Donatores
1137 598 1202 652 scie·

172 664 234 712 baut
244 677 270 711 se
279 665 359 712 aleam
369 657 528 723 aliqudusqud
537 661 620 720 jacere
631 695 638 722 ,
649 663 698 709 uisi
707 663 790 710 tamen
801 662 899 710 dicatur
908 659 973 722 qubd
980 662 1038 710 fidei
1047 663 1198 714 matrimonii

172 733 297 782 debebant
305 731 419 794 credere,
428 743 502 794 quam
511 731 586 779 tidem
596 731 703 779 adulteri
712 731 853 780 everterant
864 743 987 792 causaque
998 732 1033 779 sic
1045 731 1146 781 fuerunt
1158 745 1200 780 er·

171 800 243 850 roris.

202 865 274 918 Forte
284 865 323 916 ιιι
335 877 420 926 magua
429 866 488 914 sunt
497 865 615 926 utrinque
625 866 765 927 momenta,
775 867 804 916 ut
814 867 897 928 aliqua
906 880 951 928 pro
961 869 1056 918 ratione
1067 869 1137 918 dubii
1155 869 1198 918 fiat

171 937 305 997 restitutio,
314 937 340 984 iu
350 947 407 983 casu
417 935 444 982 in
454 948 503 995 quo
512 935 679 984 adulterantes
694 938 828 998 potuerunt
844 937 982 998 praevidere
997 939 1147 1000 illegitimas.
1157 939 1201 987 do·

171 1008 299 1066 ιιιιιοιιιιι
310 1007 335 1054 ιι
346 1001 408 1052 torte
420 1000 484 1063 saepe
494 1006 637 1063 potueruut.

202 1073 237 1137 (d)
248 1075 273 1124 Si
284 1075 376 1122 mulier
390 1073 466 1120 tuerit
477 1073 555 1122 inrita
565 1069 645 1122 solim
660 1073 786 1124 secundom
794 1076 863 1136 qaid,
883 1068 941 1123 aute
950 1086 1005 1122 eam
1020 1074 1051 1122 ad
1062 1075 1150 1124 damna
1159 1079 1201 1126 ιι-

169 1147 243 1194 netur
252 1146 359 1196 adulter.
369 1148 400 1194 Ρ.
414 1145 533 1202 atomos,
545 1145 593 1193 ιιι.
605 1140 752 1206 1mt,juxd
773 1147 886 1206 sylvium
895 1178 903 1205 ,
913 1146 957 1206 qui
971 1147 1039 1206 prior
1055 1146 1155 1194 induxit
1167 1150 1197 1196 ad
1248 1169 1250 1174 ι

168 1217 272 1275 emman,
283 1217 351 1276 prior
358 1213 390 1261 ad
400 1213 487 1260 damna
498 1213 605 1273 tenetur,
612 1215 671 1275 quia
681 1227 743 1262 onus
751 1217 867 1262 censetur
877 1215 904 1262 in
915 1227 940 1262 se
950 1215 1085 1274 suscepisse
1097 1216 1124 1262 et
1131 1217 1200 1274 prin·

168 1285 256 1344 cipalis
266 1295 338 1331 causa
348 1283 394 1330 ιιι.
405 1283 521 1340 Quamvis
532 1283 594 1331 hanc
605 1284 755 1331 sententiam
764 1295 814 1330 non
824 1285 853 1330 ut
861 1281 989 1330 indubiam
1004 1283 1095 1332 habeat
1105 1285 1197 1345 Collet,

167 1353 198 1400 ad
208 1352 327 1410 maiorem
337 1351 480 1398 damnorum
490 1354 586 1411 partem
596 1353 716 1411 obligaret
725 1351 909 1412 provocantem,
919 1353 979 1411 quia
989 1365 1038 1398 non
1049 1346 1128 1398 soldm
1139 1365 1202 1400 exe·

167 1433 246 1480 quens
256 1419 307 1479 ιιι,
319 1419 363 1466 sed
373 1418 510 1466 consulens.
526 1419 576 1468 Sed
584 1421 637 1468 ιιι
650 1421 713 1468 ratio
724 1421 794 1467 nulla
804 1419 920 1485 videtur,
934 1421 994 1479 quia
1007 1421 1138 1467 consulens
1148 1433 1197 1466 non

167 1489 205 1535 ιιι
215 1499 288 1536 causa
298 1489 441 1548 principalis
452 1489 567 1548 respectu
576 1489 738 1549 exequentis,
749 1489 776 1536 et
785 1499 834 1536 non
844 1488 944 1534 tenetur
954 1487 1002 1534 nisi
1014 1487 1103 1544 ineius
1114 1487 1199 1534 detec-

166 1554 230 1604 ιιιιιι.
241 1552 329 1604 idelids
339 1553 396 1615 orgo
410 1557 502 1605 sentire
513 1559 612 1606 ridetur
621 1559 650 1606 P.
655 1559 715 1604 Gab.
728 1559 799 1616 tint,
809 1557 904 1603 nullam
913 1552 954 1603 hic
965 1556 1058 1604 faciens
1068 1555 1197 1615 principiis

167 1625 350 1684 exceptionem.
360 1626 408 1673 Sed
418 1626 505 1674 saltem
515 1639 614 1686 aequum
623 1627 662 1674 est
672 1629 701 1675 ut
708 1625 806 1674 adulter
815 1621 873 1675 ante
886 1625 1024 1672 adulteram
1035 1621 1165 1686 restituat,
1176 1626 1196 1672 si

167 1689 221 1742 hec
230 1694 307 1742 tuerit
316 1691 441 1743 secundom
448 1697 502 1756 qaid
513 1691 618 1742 multdm
630 1697 722 1755 inrita3
732 1697 825 1744 etcum
836 1694 993 1754 proportione
1003 1694 1058 1741 vice
1067 1691 1148 1742 versi.

196 1758 298 1820 Quodsi
312 1775 361 1810 nou
372 1764 555 1820 consentiente,
570 1759 585 1810 d
599 1763 695 1811 fortiori
710 1763 867 1810 dissuadente
884 1763 910 1809 ιι
925 1763 1050 1811 renitente
1069 1763 1195 1822 adultero,

145 1874 148 1880 .
165 1827 277 1878 adultera
286 1831 380 1891 prolem
390 1833 520 1911 supponat,
529 1831 598 1880 idest
600 1832 694 1890 ,possit
705 1827 782 1878 eamd
793 1831 911 1890 legitimis
920 1843 1033 1891 separare
1042 1832 1134 1892 absque
1146 1832 1196 1879 dis-

165 1899 255 1958 pendio
265 1901 350 1958 famae,
361 1901 433 1958 rixis,
444 1901 501 1948 vitae
511 1902 622 1958 periculo
636 1898 721 1961 (quod
730 1902 767 1948 est
778 1897 901 1948 ordinarie
916 1902 1069 1961 impossibile
1081 1899 1104 1963 ),
1115 1899 1140 1948 ιι
1151 1915 1197 1949 uo-

165 1966 213 2025 tit,
228 1969 278 2014 sola
285 1969 385 2015 tenetur
394 1967 425 2014 de
436 1968 545 2026 damnis,
554 1964 626 2025 juxta
636 1969 741 2018 multos:
752 1970 810 2028 quia
824 1969 912 2016 horum
925 1983 998 2016 causa
1016 1971 1066 2016 sola
1081 1969 1195 2032 videtur,

165 2031 223 2082 edm
233 2035 260 2082 in
269 2035 380 2082 boecasu
393 2035 470 2094 possit
481 2036 506 2082 ιι
514 2036 663 2082 teneaturea
672 2037 804 2095 impedire,
815 2036 881 2094 quod
890 2037 1027 2084 extendunt
1036 2038 1092 2084 Solo
1104 2039 1129 2084 et
1140 2039 1194 2097 alii,

164 2103 281 2152 etiamad
292 2115 376 2150 casum
387 2103 414 2150 in
423 2115 473 2162 quo
483 2104 575 2150 mulier
584 2117 634 2150 nou
643 2104 725 2162 posset
746 2097 927 2162 illegitimuma
938 2105 1056 2162 legitimis
1070 2117 1196 2163 separare.

164 2171 209 2220 ast
217 2165 301 2220 contri
312 2172 356 2220 hos
367 2183 452 2219 omnes
462 2172 500 2218 est
505 2173 641 2218 communis
647 2172 769 2219 sententia
777 2183 850 2230 quam
860 2172 1019 2230 amplectitur
1029 2173 1131 2232 Delugo.

194 2241 223 2288 ln
233 2253 291 2288 casu
298 2241 431 2290 admodum
440 2253 495 2291 raro
508 2241 679 2302 possibilitatis
689 2241 870 2302 separationis,
881 2241 993 2290 adultera
1004 2241 1103 2292 videtur
1112 2237 1193 2290 teneri

165 2305 224 2358 ιιιὸ
237 2309 390 2358 adulterum,

625 2395 741 2410 fi

205 2452 280 2534 376.
292 2447 330 2514 ln
340 2447 566 2516 dubioannata
576 2447 683 2543 proles
691 2473 728 2516 ex
740 2441 892 2516 adulterio
902 2447 954 2532 sit,
970 2447 1190 2518 restituendum

163 2569 234 2658 pro
236 2543 354 2612 ratione
366 2543 452 2611 dubii
474 2544 510 2627 (a
510 2544 536 2628 ).

204 2637 284 2706 Et
259 2665 286 2707 ιι
303 2639 407 2732 plures
422 2638 484 2706 sint
493 2639 590 2731 prolis
605 2639 699 2706 dubit
710 2639 824 2730 spuriae
839 2638 926 2704 dubii
938 2652 1052 2729 patres,
1067 2653 1190 2732 partem

62 2755 64 2762 ’
163 2735 305 2826 patrisut
319 2734 474 2801 dubiam
465 2750 546 2801 mter
560 2759 593 2801 se
611 2733 754 2800 dividere
774 2732 943 2800 dehentb
910 2735 943 2815 (b
944 2737 1055 2827 ),pro
1069 2734 1189 2803 ratione

164 2827 326 2921 respectiva
318 2826 440 2894 dubii.

195 2992 231 3059 (o)
245 2993 427 3054 Probabilistae,
437 2993 527 3054 quibus
540 2995 585 3044 alii
600 2989 642 3044 hic
660 2993 799 3056 adbaerent,
816 2993 903 3044 volunt
920 2993 1040 3058 rationem
1060 2995 1189 3046 dubitandi
1208 3035 1211 3041 .

162 3065 194 3112 ad
204 3063 351 3113 restituendi
362 3063 535 3122 obligationem
546 3064 711 3112 inducendam
721 3077 770 3112 non
787 3065 915 3124 sulficere,
935 3065 978 3112 scd
988 3066 1081 3126 requiri
1097 3066 1127 3112 ad
1142 3067 1189 3112 hoc

162 3131 337 3182 certitudinem
342 3133 473 3191 moralem,
483 3133 541 3193 quia
552 3134 578 3180 in
589 3133 664 3180 dubio
675 3134 872 3192 praesumendum
882 3147 926 3194 pro
935 3135 1092 3194 legitimitate
1103 3135 1188 3192 prolis.

161 3203 224 3262 Alii,
235 3203 263 3250 in
273 3201 363 3260 dubio,
373 3202 512 3249 adulterum
524 3203 651 3260 eximunt,
662 3201 683 3248 si
699 3201 810 3250 adultera
821 3203 901 3250 totum
919 3202 1068 3250 restituerit.
1080 3200 1129 3247 Sed
1139 3213 1190 3248 non

161 3271 234 3318 rideo
248 3283 302 3330 cur,
312 3269 361 3318 nisi
369 3270 395 3317 id
405 3266 483 3318 ιιιιιιι
494 3271 582 3319 ιιιιιιι
592 3283 636 3329 pro
645 3269 767 3328 adultero,
777 3273 803 3318 et
811 3266 894 3318 iacere
902 3271 1022 3330 potuerit.

192 3336 227 3400 (b)
237 3338 265 3385 Si
275 3339 323 3386 duo
333 3339 382 3387 siut
391 3339 511 3399 adulteri,
522 3341 548 3388 et
562 3339 688 3398 ignoretur
698 3350 731 3384 ex
740 3339 811 3398 eujus
822 3337 895 3399 operia
911 3339 970 3386 nata
981 3337 1012 3385 sit
1022 3337 1105 3399 proles
1121 3335 1189 3386 certo

163 3405 313 3464 adulterina,
324 3417 389 3454 unus
398 3409 426 3454 ιιι
440 3408 566 3458 detectum
576 3407 680 3454 alterius
690 3408 820 3455 restituere
831 3409 944 3468 tenetur,
962 3409 1021 3468 quia
1032 3409 1137 3467 uterque
1146 3417 1190 3466 po-

162 3475 213 3522 suit
223 3485 321 3522 causam
331 3475 496 3524 sufficientem
502 3477 595 3525 damni.
608 3478 687 3526 Tbeol.
698 3479 760 3526 Pici.
771 3478 819 3532 Sed
833 3479 879 3526 hoc
890 3491 939 3526 non
950 3479 1049 3526 videtur
1064 3476 1189 3524 conforme
1253 3475 1260 3490 ”
1322 3545 1325 3552 Ι

161 3543 300 3604 principiis,
309 3543 358 3590 uisi
369 3544 465 3604 dicatur
475 3548 717 3606 conceptioncmnon
726 3547 779 3594 fieri
790 3549 864 3596 unico
874 3551 940 3596 actu.
952 3547 1072 3607 Equidem
1082 3547 1187 3605 uterque

162 3613 244 3674 posuit
260 3624 358 3660 causam
368 3613 532 3662 sufficientem
541 3616 640 3676 damari,
652 3617 696 3664 sed
711 3617 836 3674 ignoratur
846 3618 901 3674 quis
918 3616 994 3662 tuerit
1005 3627 1078 3662 causa
1087 3613 1189 3666 eiticax.

162 3682 234 3730 dasus
244 3677 301 3741 erqb
311 3693 361 3729 non
371 3682 408 3729 est
421 3681 488 3729 idem
497 3694 526 3730 ac
537 3679 593 3731 ιιιιιι
604 3685 652 3732 duo
666 3684 743 3732 alicui
753 3683 868 3731 mortales
878 3683 943 3732 ictus
952 3683 1063 3730 inierunt
1073 3695 1105 3731 ex
1119 3695 1188 3732 com

163 3752 231 3798 muni
241 3751 421 3812 cooperatione.

191 3821 272 3869 ιιιιιι
284 3813 461 3883 sepissime
437 3830 494 3870 cum
508 3816 652 3872 confitentes
672 3819 807 3871 audiuntur
817 3817 923 3869 adulteri
939 3817 983 3869 rel
994 3803 1153 3882 adulterae,
1145 3830 1186 3868 m·
