2990 4672
569 350 621 402 nn
642 331 845 412 sueinus}
1154 359 1217 410 ror

194 439 296 529 legem
304 433 494 515 naturalem3
508 433 656 529 siquui'a
670 439 708 505 et
718 437 899 530 imperfecte
914 461 969 506 seu
983 439 1017 507 in
1030 435 1221 534 actu'prirno

192 536 347 630 ligantur-3
365 532 431 600 sive
451 533 525 625 quia
538 549 637 601 essent
650 534 740 625 quasi
754 535 993 604 instrumentum
1003 539 1134 628 peccati.
1153 537 1221 627 Qui

191 627 376 722 ergbeosad
386 627 1039 724 peccanduminduceret,peecaretpeecato
1046 621 1219 716 ebrietatis,

188 727 264 807 irae,
280 725 429 806 luxuriae,
442 737 522 806 ete,
539 723 580 792 ad
590 724 674 815 quod
687 723 848 793 induceret
863 751 926 796 eos.

232 821 317 888 Hinc
341 819 495 887 3⁰·cleriei
507 835 650 887 tenentur
663 818 786 910 legibus
799 820 942 889 civilibus
952 845 1023 915 quae
1032 845 1095 889 non
1108 845 1221 916 repug-

189 931 264 986 nant
277 914 372 982 saeris
387 914 555 982 canonibus
570 928 600 981 et
610 914 703 981 statui
717 914 866 982 clericali.

230 1011 314 1078 Hine
325 1015 358 1089 4⁰
372 1009 542 1100 legislator,
562 1009 739 1090 monarcha,
755 1011 820 1080 sive
833 1011 1068 1094 ecclesiasticus,
1083 1011 1148 1082 sive
1162 1011 1221 1080 lai-

190 1129 262 1187 cus,
277 1106 341 1174 suis
353 1121 412 1173 aut
428 1105 693 1200 praedecessorum
715 1105 852 1197 legibus,
873 1106 907 1173 vi
927 1106 1068 1200 ipsarum
1087 1132 1151 1175 non
1174 1123 1223 1176 te·

190 1217 296 1280 netum
1001 1203 1003 1210 '
1211 1208 1214 1214 ’

229 1296 318 1365 Beni
340 1297 415 1364 verb
436 1292 602 1374 directius,
624 1291 656 1360 vi
672 1291 751 1383 legis
767 1293 933 1378 naturalis,
959 1295 988 1364 si
1005 1295 1138 1365 materia
1151 1293 1218 1391 ipsi

189 1396 276 1484 aeque
287 1416 324 1458 ac
338 1389 469 1460 subditis
484 1387 659 1483 conveniat.

220 1579 258 1643 (o)
269 1581 346 1639 leges
356 1577 424 1626 enim
434 1577 546 1626 humanae
557 1577 615 1626 sunt
625 1577 754 1626 vinculum
774 1577 936 1638 rationabile,
947 1576 1013 1644 quod
1029 1577 1125 1626 ratione
1143 1576 1219 1628 desti·

189 1651 250 1701 tutis
260 1649 385 1709 imponere
394 1659 443 1694 nou
451 1648 566 1695 censetur
574 1647 707 1706 legislator.
716 1647 788 1697 Putat
796 1647 879 1694 tamen
887 1647 995 1694 Sanchez
1004 1643 1124 1706 perpetub
1134 1659 1220 1695 amen·

188 1721 240 1779 tes,
252 1714 336 1778 utpote
346 1717 449 1764 rationis
464 1715 523 1764 usds
533 1729 648 1778 capaces,
660 1716 822 1782 materialiter
832 1717 904 1776 ligari
919 1716 1023 1774 legibus.
1035 1716 1063 1762 ld
1075 1729 1164 1764 verum
1177 1727 1221 1776 ap·

188 1787 298 1850 paretde
308 1787 340 1834 iis
349 1787 392 1846 qui
409 1797 454 1846 per
474 1785 606 1834 intervalla
616 1779 695 1833 soldm
714 1786 824 1832 amentes
839 1787 910 1844 suut3
925 1784 985 1844 quia
1001 1783 1183 1832 dormientibus
1193 1786 1220 1833 et

188 1861 264 1908 ebriis
274 1857 410 1918 comparari
428 1855 545 1916 possunt,
557 1855 740 1914 ridiculumque
751 1855 878 1902 videretur
886 1866 930 1901 eos
942 1853 970 1900 in
978 1853 1068 1900 lucidis
1080 1854 1219 1902 intervallis

187 1928 323 1976 formaliter
339 1925 429 1984 subjici
445 1924 550 1984 legibus,
560 1923 586 1971 et
599 1925 732 1984 nequidem
741 1924 914 1970 materialiter
932 1919 992 1972 dhm
1002 1923 1139 1971 insaniunt.
1148 1918 1219 1971 Unde

186 1995 334 2045 nonliceret
345 1996 395 2054 eis,
406 2007 431 2042 v.
443 2007 478 2054 3.,
490 2004 589 2051 carnes,
598 1991 686 2039 diebus
696 1991 794 2050 vetitis,
811 2003 947 2050 apponere.

219 2063 253 2128 (b)
263 2063 368 2112 censent
378 2065 462 2124 plures
470 2061 583 2108 auctores
598 2061 689 2119 belgae,
699 2060 832 2118 Daelman,
849 2059 964 2116 Billuart‚
975 2059 1055 2115 Dens,
1071 2057 1150 2104 licere
1161 2069 1220 2105 eau-

187 2125 305 2194 ponibns‚
325 2135 351 2182 ln
360 2133 444 2190 Belgio
455 2130 590 2188 catholieo,
610 2140 696 2176 carnes
714 2127 802 2174 diebus
812 2127 898 2173 vetitis
909 2137 1032 2185 apponere
1049 2125 1082 2171 lis
1093 2125 1221 2172 haereticis

188 2203 245 2264 qui,
256 2203 288 2250 oh
296 2201 468 2250 necessitatem
479 2199 523 2246 aut
533 2207 646 2256 maguam
657 2197 765 2254 aliquam
776 2207 874 2260 oausam
881 2228 892 2259 ,Ι
900 2195 936 2240 ihi
946 2195 1086 2252 morantur3
1097 2194 1220 2252 quiaqui-

187 2271 234 2320 bns
243 2272 315 2320 datur
325 2283 379 2318 esse
387 2271 414 2316 in
422 2265 515 2329 patria,
528 2266 617 2314 dantur
635 2264 712 2311 etiam
721 2265 897 2323 consequentia
908 2263 1001 2310 adesse.
1009 2257 1085 2310 Sociis
1094 2263 1220 2310 haereticis

187 2339 368 2400 quiversantur
382 2339 409 2385 in
419 2338 502 2396 Belgio
519 2334 702 2392 ambulationis,
718 2335 863 2381 mereaturae
874 2334 918 2381 aut
934 2331 983 2379 alit
1000 2332 1075 2379 simili
1087 2332 1117 2379 de
1129 2330 1218 2392 eausa,

187 2406 247 2466 quia
256 2419 306 2453 non
316 2407 430 2454 censetur
439 2407 498 2453 tunc
509 2403 593 2451 adesse
605 2403 736 2450 necessitas
748 2403 790 2450 aut
802 2401 926 2450 sussiciens
937 2414 1019 2450 eausa.
1031 2403 1080 2448 Neo
1094 2401 1221 2450 sufficien-

188 2476 240 2524 tem
250 2476 357 2524 vtoeo'in
367 2477 526 2536 priori-casu,
543 2473 591 2520 nisi
600 2473 685 2532 agatur
693 2473 724 2519 de
741 2472 863 2518 militibus
873 2473 979 2531 patriam
998 2463 1175 2532 occupantibus
1186 2473 1219 2519 ob

188 2545 249 2604 vim,
259 2545 388 2602 timorem,
397 2546 456 2603 eto,
465 2545 508 2591 aut
519 2539 580 2590 torte
591 2544 622 2590 de
634 2541 785 2600 cauponibus
796 2541 926 2588 catholicis
942 2541 969 2588 in
983 2540 1076 2589 ditione
1088 2541 1219 2589 haeretico-

187 2627 244 2662 rum
258 2615 438 2671 existentibus,
454 2614 514 2674 quia
528 2611 627 2672 possent
640 2611 726 2658 heberi
737 2611 766 2658 ut
776 2610 974 2671 perturbatores,
985 2611 1006 2658 si
1022 2621 1109 2658 omues
1119 2621 1219 2658 recum·

189 2685 256 2732 rent.
479 2686 483 2692 “
817 2682 821 2694 ·

216 2744 324 2815 '(c)'lirgo
330 2765 381 2800 non
390 2752 451 2800 lieet
459 2750 580 2810 eumpqui
590 2750 672 2808 legem
683 2750 815 2814 positivam
826 2747 1006 2796 invincibiliter
1022 2745 1131 2806 ignorat,
1142 2745 1217 2801 indu·

172 2840 175 2846 ·
188 2833 245 2868 aare
254 2822 285 2868 ad
295 2834 325 2868 ea
335 2834 391 2879 quae
401 2821 441 2866 illi
451 2818 620 2875 adversantur,
631 2819 691 2876 quia
701 2817 732 2863 ad
740 2815 868 2863 unteriale
887 2820 1018 2878 peceatum
1034 2817 1152 2864 inducere
1164 2817 1218 2863 illi-

187 2888 322 2936 citum-est.
335 2884 386 2932 lmb
395 2899 462 2944 euna,
472 2887 515 2945 qui
526 2899 558 2932 ex
568 2886 614 2932 tali
629 2882 777 2942 ignorantia,
790 2896 822 2930 ex
836 2885 960 2932 oblivione
969 2887 1012 2932 aut
1023 2881 1216 2942 inadvertentia,

187 2955 297 3014 aliquam
311 2954 392 3013 legem
406 2953 556 3012 praevidetur
570 2953 719 3010 violaturus,
736 2964 836 2999 monere
845 2953 1020 3011 iubetjustitla
1031 2954 1131 3013 legalis,
1142 2965 1215 3000 reve-

186 3022 267 3070 rentia
276 3023 372 3081 legibus
381 3021 407 3068 et
415 3019 582 3080 superioribus
592 3019 688 3080 debita,
700 3021 726 3069 et
743 3021 835 3069 bonum
851 3035 993 3084 commune,
1005 3019 1076 3072 modo
1087 3023 1172 3072 tamen
1182 3035 1216 3070 ex

186 3092 323 3140 monitione
335 3090 430 3138 fructus
441 3091 563 3151 speretur.
1028 3105 1045 3116 ·¹
1211 3099 1213 3103 ·

218 3161 266 3210 Sed
275 3156 359 3210 contri
378 3161 458 3220 legem
468 3160 546 3222 ipsam
562 3160 678 3223 peccaret
688 3158 731 3221 qui
747 3157 930 3220 nonmoueret,'
941 3161 962 3208 si
980 3159 1010 3208 ad
1020 3162 1214 3210 mouendumex

187 3229 269 3282 ocio
279 3229 417 3279 teneretur.
644 3222 651 3232 “

645 3319 761 3332 —n
778 3309 783 3318 ¹

232 3394 302 3457 123.
319 3389 424 3482 Vagi,
436 3390 610 3485 peregrini,
624 3391 645 3458 a
657 3388 780 3458 fortiori
794 3391 940 3474 advenae,
954 3405 985 3460 et
996 3390 1051 3484 qui
1060 3393 1150 3484 quasi
1161 3391 1216 3458 do·

189 3483 339 3553 micilium
350 3483 466 3554 habent
481 3485 515 3552 in
536 3485 641 3578 aliquo
652 3485 738 3569 loeo,
753 3486 885 3576 subjecti
896 3488 989 3568 fiunt,
1005 3486 1109 3578 quoad
1127 3485 1215 3573 leges

187 3575 300 3646 locales
313 3594 506 3674 etpraecepta
514 3580 704 3664 transitoria,
716 3581 869 3675 superiori
882 3580 967 3650 illius
978 3579 1052 3659 loci,
1064 3593 1095 3646 et
1107 3594 1216 3648 tenen«

186 3689 237 3740 tur
248 3671 370 3763 legibus
383 3661 446 3741 illis
461 3689 492 3742 et
500 3675 687 3768 praeceptis,
776 3710 780 3724 ,
952 3690 955 3694 '
1202 3703 1205 3712 ’

228 3765 391 3860 Negativis
406 3769 534 3866 quidem
546 3770 631 3837 omni
643 3786 804 3865 tempore3

227 3861 437 3935 Affirmativis
460 3867 556 3948 verb,
581 3889 651 3958 quae
672 3891 729 3960 per
752 3881 874 3957 tempus
900 3885 962 3956 quo
981 3859 1027 3929 ibi
1051 3878 1216 3932 morantur
