2932 4658
581 295 818 355 necaroer.
1145 279 1215 372 343

221 391 313 444 saltem
323 390 412 440 damna
423 385 503 438 lerant
513 388 656 448 reparanda.
666 391 696 434 Ρ.
705 387 766 435 Gcb.
775 389 833 435 Aul.
844 385 954 436 llrtlscrt.
1013 443 1029 450 μ
1064 448 1074 456 “

223 461 255 526 (e)
268 462 370 510 lutatis
382 459 497 508 eveniant
506 458 537 505 ob
547 469 601 518 que
612 457 734 516 sponsalia
744 457 843 515 possent
857 457 967 518 dissolri.
980 451 1094 506 sonetur)

222 530 254 594 (t)
265 531 291 578 Si
306 530 391 576 autern
406 524 491 588 'puella
508 525 657 585 ignoraverit
667 525 836 572 conditionum
852 525 1057 586 inaequalitatem,
1068 535 1123 575 sam
1132 523 1218 582 &man

192 600 282 648 docere
294 609 343 646 non
355 596 468 655 tenetur,
477 589 548 654 jluxtl
558 593 663 652 multos,
674 593 717 640 sed
727 593 800 645 aliter
811 593 898 640 damna
908 606 1031 654 reparare.

222 668 271 716 Sed
292 667 382 715 ducere
403 665 483 712 teneri
493 661 591 722 posset,
610 662 631 708 si
647 661 679 709 sit
694 662 764 709 bonae
782 661 872 710 indolis
882 657 1143 723 puellaipareutibus
1150 659 1217 716 malt

192 737 311 794 tractata,
322 747 390 795 quas,
401 733 429 780 ut
437 731 561 781 vindicem
571 729 707 790 quereret,
716 729 778 776 fictae
789 729 942 789 promissioni
957 731 1092 790 consensit,
1103 731 1150 779 etsi
1166 743 1217 784 non

192 806 320 853 teneretur
329 804 420 850 ducere
430 801 568 860 aliamque
576 800 603 846 in
613 797 694 846 scelus
704 797 834 857 expedita,
845 799 984 860 excepisset
993 800 1180 860 promissionem
1188 802 1218 850 ut

192 874 286 920 crimen
295 870 437 919 occultaret.
449 871 531 918 callet.
552 865 603 914 lmd
613 862 684 934 justit
693 868 720 914 P.
732 867 794 914 Gab.
807 867 874 925 Ant,
885 869 983 927 puella,
993 868 1040 916 etsi
1050 868 1218 928 promissionis

192 941 315 990 lictionem
325 939 439 987 debuerit
449 933 515 985 clare
524 947 684 995 cognoscere,
692 937 800 995 aliquam
811 935 928 993 injuriam
947 947 1017 996 passa
1028 938 1065 984 est
1073 967 1082 994 ‚
1090 937 1149 994 qula
1159 947 1217 995 pro-

191 1011 274 1058 missio
284 1010 327 1056 illa
337 1007 437 1070 aliquod
446 1005 709 1062 voluntariumollicit.
717 1006 777 1051 llam
785 1005 805 1052 si
816 1004 899 1064 puella
908 1002 976 1052 certo
990 1003 1102 1052 fraudem
1109 1002 1217 1053 novisset

190 1089 239 1126 nou
249 1077 425 1134 consensisset,
436 1069 501 1121 uude
512 1073 628 1122 damnum
638 1085 752 1133 reparare
767 1074 868 1121 tenetur
878 1073 953 1121 etiarn
968 1073 1027 1120 tunc
1045 1069 1102 1120 lietb
1116 1072 1217 1132 promto

190 1148 245 1194 tens
255 1147 283 1194 ut
293 1145 377 1206 puella
386 1143 476 1201 aequali
486 1141 579 1202 nubat,
589 1142 632 1190 aut
642 1143 663 1190 si
673 1142 770 1190 nubere
783 1142 860 1202 nolit,
874 1143 1006 1203 reponatur
1014 1139 1047 1189 lin
1056 1141 1123 1189 statu
1131 1140 1158 1188 iu
1167 1152 1217 1200 quo

190 1214 307 1262 decenter
317 1213 403 1260 r'ivere
416 1211 501 1270 queat.

218 1280 345 1340 Quidquid
353 1279 385 1325 sit
399 1279 478 1325 dehis
488 1273 549 1325 lorld
561 1277 719 1336 rigidioribus
733 1278 876 1336 sententiis,
888 1279 922 1338 si,
940 1278 1110 1328 nonobstante
1120 1275 1217 1338 cognita

189 1345 202 1396 l
213 1345 298 1408 puelli
309 1345 476 1405 conditionum
487 1346 668 1406 inequalitate,
680 1347 720 1393 vir
728 1343 823 1394 sincere
834 1347 988 1405 promiserit,
1001 1359 1055 1394 earn
1065 1343 1217 1407 probabilius

189 1417 281 1464 ducere
292 1415 399 1474 tenetur,
410 1415 459 1461 nisi
469 1425 542 1472 grave
553 1414 696 1461 scandalum
710 1410 768 1462 inde
779 1415 905 1461 timeatur.
922 1409 957 1461 lla
976 1415 1096 1472 semeber,
1106 1415 1216 1473 Delugo,

190 1486 266 1541 azor,
277 1483 389 1540 Lessius,
410 1478 537 1530 ethnde
556 1483 576 1543 si
587 1483 688 1530 alteram
700 1483 814 1542 duxerit,
829 1483 916 1530 damna
932 1483 1087 1543 compenset,
1104 1482 1216 1532 iacienda

189 1553 218 1600 ut
228 1551 325 1611 puella,
337 1551 382 1598 etsi
391 1552 468 1611 nupta
476 1551 523 1610 sit,
533 1551 597 1598 nibil
613 1552 722 1611 patiatur
732 1564 765 1598 ex
778 1549 869 1598 violata
879 1551 1048 1612 promissione.

221 1621 248 1667 ln
259 1631 318 1667 casu
335 1620 419 1666 autem
438 1621 464 1666 in
482 1631 531 1680 quo
549 1617 670 1680 ignoravit
686 1620 855 1668 conditionum
871 1621 1077 1680 inequalitatem,
1094 1619 1217 1679 reparatio

189 1688 329 1736 debetesse
339 1688 464 1736 solllciens
473 1689 502 1736 ut
510 1689 604 1744 nubere
615 1689 691 1748 possit
701 1689 745 1736 aut
753 1689 863 1748 potuerit
873 1690 927 1736 viro
941 1690 1053 1750 ejusdem
1070 1687 1217 1736 conditionis

188 1755 261 1815 buius
271 1769 324 1803 esse
333 1757 490 1804 existimabat
503 1757 684 1816 promissorem.
695 1749 764 1804 Tunc
775 1757 842 1803 enim
850 1758 979 1817 reponitur
988 1757 1123 1817 equalitas.

218 1825 279 1872 ilola
290 1837 298 1871 a
309 1825 366 1871 ilaec
374 1825 456 1872 ornnia
467 1825 607 1883 redegimus
616 1826 714 1872 meliori
724 1825 795 1872 nobis
805 1826 917 1884 possibili
928 1826 1008 1874 modo.
1017 1827 1066 1873 Nec
1077 1826 1143 1874 enim
1154 1835 1217 1872 sem-

188 1903 235 1952 per
246 1887 288 1939 lric
299 1891 346 1938 sibi
356 1892 503 1940 concordant
508 1893 615 1940 autores.
625 1893 691 1952 Quin
699 1895 731 1941 D.
739 1894 805 1940 Dens
816 1893 943 1941 existimat
953 1895 979 1940 in
989 1891 1117 1952 omnibus,
1127 1894 1217 1953 praeter

184 1961 313 2034 primum,
324 1961 421 2006 casibus
432 1961 458 2005 in
469 1961 515 2007 boo
524 1962 629 2008 articulo
640 1963 765 2020 exceptis,
776 1974 826 2008 non
835 1973 888 2009 esse
896 1963 1070 2022 obligationem
1086 1961 1216 2022 reparandi

189 2029 288 2084 damna,
299 2027 320 2073 si
331 2039 381 2073 non
394 2027 426 2072 sit
435 2028 551 2084 obligatio
562 2030 671 2086 puellam
681 2029 798 2076 ducendi.

221 2097 248 2141 ln
258 2095 328 2154 praxi
340 2089 404 2153 saepe
415 2094 468 2140 neri
477 2097 557 2152 potest
568 2107 637 2153 aequa
649 2096 674 2140 et
684 2095 822 2142 amicabilis
838 2094 995 2156 compositio,
1013 2095 1098 2156 sicque
1109 2093 1216 2144 difficul·
1248 2113 1253 2122 ¹

190 2163 254 2212 tates
263 2162 384 2210 tolluntur
401 2157 533 2222 aliquando
548 2161 744 2210 inextricabiles.

643 2269 757 2293 h-,u-

232 2325 305 2417 373.
332 2323 401 2414 Qui
421 2323 488 2393 sine
511 2325 563 2407 vi,
589 2339 669 2408 cte,
702 2339 756 2392 aut
782 2325 973 2394 matrimonii
999 2327 1214 2417 promissione,
1280 2347 1283 2354 ’

188 2419 361 2516 virginem,
382 2434 434 2487 aut
455 2435 626 2514 reputatam
642 2419 759 2499 talem,
784 2418 983 2504 honestamve
1005 2422 1131 2490 viduam
1145 2449 1216 2516 cog·
1316 2466 1322 2477 -
1353 2423 1355 2430 ’

189 2516 294 2602 novit,
319 2515 398 2584 nihil
412 2531 531 2584 tenetur
542 2515 589 2584 iili
604 2515 784 2600 restituere,
799 2517 908 2586 saltem
922 2517 956 2584 in
969 2517 1041 2585 foro
1062 2520 1216 2588 conscien-

189 2609 259 2692 tiae3
274 2637 374 2706 neque
397 2612 577 2707 parentibus
587 2665 596 2695 ,
608 2611 636 2680 si
656 2637 706 2680 res
731 2629 854 2680 maneat
867 2612 989 2679 occulta
999 2663 1008 2694 ,
1020 2637 1077 2680 nec
1088 2629 1161 2682 nata
1175 2615 1215 2683 sit

190 2708 306 2798 proles.
322 2706 438 2774 Scienti
453 2707 535 2772 enim
549 2720 579 2772 ot
590 2704 706 2772 volenti
714 2729 777 2770 non
790 2705 825 2770 sit
835 2703 962 2792 injuria.

233 2801 298 2868 Sed
311 2799 339 2866 si
353 2799 470 2867 crimen
478 2797 645 2865 innotuerit
658 2797 855 2892 parentibus,
876 2797 976 2891 sitque
996 2797 1099 2868 adhirc
1112 2801 1216 2894 puella

191 2895 249 2962 sub
270 2918 377 2962 eorum
403 2907 570 2985 potestate,
592 2891 702 2960 saltem
725 2907 866 2974 tenetur,
890 2893 1012 2971 meliori
1036 2897 1216 2990 modoque
1250 2960 1255 2974 ,

191 2987 325 3082 poterit,
340 3014 373 3056 v.
386 3013 420 3078 g.
431 3009 506 3080 ,per
517 2985 715 3055 honorariam
729 2986 984 3070 satisfactionem,
996 2989 1142 3081 injuriam
1152 2992 1215 3061 illis

157 3082 162 3091 ‘
190 3082 310 3152 illatam
323 3082 547 3176 reparare(o),
563 3098 594 3150 et
613 3081 710 3178 ipsius
731 3083 866 3151 seductae
890 3083 1078 3178 familiaeque
1099 3087 1216 3154 famam

191 3203 262 3246 curn
275 3177 396 3247 damnis
407 3178 626 3272 sequentibus,
645 3178 672 3247 si
686 3178 804 3250 crimen
816 3180 882 3270 ejus
891 3178 1020 3272 injust'e,
1038 3196 1073 3248 ut
1086 3181 1215 3274 quidam

192 3273 374 3356 nebulones,
388 3273 633 3343 manifestaverit
643 3275 701 3360 (b).

232 3366 318 3444 Etsi
330 3368 453 3435 natasit
466 3367 589 3462 proles,
605 3383 744 3452 tenetur,
762 3367 872 3438 saltem
884 3393 923 3439 ex
933 3368 1047 3465 pietate
1069 3373 1213 3466 potami,

191 3460 230 3529 ad
246 3483 334 3528 suam
348 3463 534 3534 educationis
544 3479 666 3560 partem
676 3464 738 3549 (c),

233 3554 340 3645 Quam
352 3555 432 3624 inter
448 3583 482 3626 se
492 3560 630 3628 divident
643 3585 702 3654 pro
716 3559 834 3630 ratione
847 3561 934 3630 dubii
940 3579 953 3644 ',
967 3560 995 3628 si
1014 3559 1129 3656 plures
1142 3587 1213 3632 cum

192 3651 435 3813 eidem,eode;rr
445 3651 566 3725 circiter
574 3653 898 3752 tempore,habucrint
908 3680 986 3741 rem,
996 3672 1220 3753 ignoreturque
1273 3689 1277 3695 ¹

193 3771 278 3837 carpus
291 3761 331 3814 srt
343 3771 401 3841 pro
414 3772 457 3816 es·
1217 3759 1226 3777 ‘
