2990 4672
610 343 665 396 nr
685 338 882 396 nucleus.
1193 334 1258 410 ¹⁰9

276 429 314 503 Si
337 428 553 526 interpretatio
569 427 689 498 sitierit
712 427 947 508 universorum,
971 421 1027 490 dat
1044 417 1260 491 certitudinem

233 527 385 598 moralem
398 527 506 594 contra
520 549 614 618 quam
623 523 671 592 ire
685 519 830 592 illicitum
840 521 901 608 (o).

278 622 317 691 si
331 623 508 691 scindantur
523 620 664 688 doctores
675 617 851 712 ,pensanda
866 642 903 684 ex
915 615 1047 707 utrique
1058 625 1148 706 parte
1160 607 1261 678 datio-

234 743 311 786 num
321 718 474 810 gravitas,
491 730 521 784 et
535 739 571 784 ea
581 729 626 782 est
638 713 771 782 tenenda
783 711 889 806 opinio
902 735 971 805 quae
981 708 1099 801 magis,
1113 704 1261 775 etsaltem

221 879 224 886 .
237 812 447 908 probabilius,
460 810 622 880 adrerum
636 809 781 877 accedere
794 808 937 892 rideatur
946 807 1036 890 [rea
1049 806 1134 893 169}

279 907 451 999 Sequentcs
468 921 572 974 autem
586 902 701 996 regulae
719 901 900 998 praecipuae,
917 928 954 970 ex
968 899 1045 990 juris
1055 895 1262 969 axiomatibm

238 999 423 1096 desumptae,
434 1000 593 1100 servandae
608 1012 679 1068 sunt
692 997 839 1094 inlegum
848 994 1113 1090 interpretatione.
1129 1019 1132 1022 ·

267 1180 304 1247 (o)
315 1182 379 1243 Quia
390 1175 475 1232 contri
488 1179 656 1242 prudentiam.
672 1173 777 1228 Abunde
788 1177 924 1236 communis
940 1176 1067 1230 doctorum
1077 1173 1262 1238 interpretaur,
1319 1181 1322 1188 “

236 1251 409 1313 superioribus
418 1259 468 1298 non
479 1247 712 1307 contradicentibus,
723 1247 842 1294 indicium
854 1248 890 1296 est
900 1247 956 1310 quis
963 1246 996 1298 sa
1005 1246 1166 1298 eutemnme
1176 1257 1263 1298 senam

236 1314 874 1384 ierimprasertimsipopulicousensnsaccesserit.
932 1330 941 1346 π
1024 1325 1027 1333 ·

662 1437 839 1522 annunti.

215 1684 217 1692 s
284 1631 353 1697 133.
369 1615 484 1694 Vnam
495 1623 575 1712 legis
588 1623 687 1718 accipi
704 1623 819 1693 debent
834 1623 1004 1692 secundnm
1022 1612 1194 1698 naturalem
1211 1647 1263 1691 eo-

241 1749 309 1798 rum
318 1722 523 1814 usitatamque
534 1719 758 1814 acceptionem,
771 1717 911 1789 nisiind'e
921 1734 1068 1814 sequatur
1077 1718 1261 1802 absurdum,

239 1834 290 1887 aut
304 1817 353 1886 lex
365 1817 474 1887 eradat
480 1815 597 1884 inutilis
613 1817 676 1904 (α).
721 1883 724 1888 .

278 1913 374 1980 Undb
393 1918 446 1997 1⁰,
460 1910 648 1979 verbaclara
661 1903 945 2004 interpretationem
954 1936 1017 1980 non
1026 1909 1209 1990 admittunt;

278 2007 323 2078 Et
336 2007 364 2075 si
374 2007 437 2074 sint
451 2005 630 2099 aequivoca,
644 2005 857 2098 interpretatio
867 2007 936 2074 fieri
946 2007 1038 2074 debet
1048 2007 1134 2093 juxta
1143 2005 1264 2098 legisla-

240 2103 318 2173 toris
334 2117 488 2186 mentem,
504 2125 574 2195 quae
583 2155 592 2185 ,
602 2102 703 2193 magis
717 2105 811 2194 qnam
821 2099 933 2182 verba,
947 2100 1132 2168 attendenda
1142 2115 1189 2168 est
1203 2101 1261 2186 (b).

235 2185 241 2210 ‹
280 2197 415 2290 Quodsi
428 2223 492 2277 non
506 2211 708 2288 cognoscatur
722 2195 777 2262 illa
786 2219 892 2277 mens,
906 2220 944 2262 ex
957 2195 1088 2263 materia
1102 2210 1131 2264 et
1146 2196 1208 2266 finc
1221 2195 1264 2268 le·

239 2289 303 2380 gis,
319 2317 358 2360 ex
374 2285 637 2360 antecedentibus
650 2305 680 2360 et
701 2289 972 2383 consequentibus,
998 2314 1035 2357 cx
1049 2289 1118 2359 aliis
1143 2289 1263 2384 legibus

239 2385 336 2453 rerba
348 2386 462 2455 similia
471 2385 656 2456 habentibus
671 2385 852 2480 caeterisque
867 2385 1125 2470 circumstantiis,
1141 2403 1171 2455 et
1185 2413 1264 2482 prae-

240 2483 348 2548 sertim
369 2507 406 2549 ex
419 2483 537 2551 ratione
554 2483 617 2576 qud
636 2498 737 2550 motus
753 2495 799 2550 est
817 2479 994 2572 legislator,
1007 2506 1161 2576 quamque
1183 2483 1263 2576 legis

239 2573 356 2643 indicat
369 2576 571 2669 prooemium,
584 2601 690 2646 sensus
706 2577 772 2666 ejus
781 2573 1001 2668 intelligendus
1016 2591 1073 2644 est.

281 2673 375 2757 Quod
383 2671 549 2760 legislator
561 2671 662 2740 uerbis
674 2693 738 2740 non
755 2671 934 2761 expressit,
945 2694 1010 2744 non
1023 2670 1258 2742 uideturmente

240 2766 409 2853 cogitasse.
501 2777 507 2784 ’

281 2857 378 2922 Und'e
393 2861 442 2936 2⁰,
459 2857 555 2924 verba
574 2855 731 2948 generalia
744 2857 929 2948 generaliter
939 2859 1119 2954 accipienda
1128 2874 1215 2939 sunt;
1232 2877 1263 2930 ct

240 2948 399 3017 indefinita
413 2949 529 3017 locutio
541 2948 704 3044 aequivalet
717 2952 894 3030 universali.
910 2953 1051 3025 Proinde
1065 2955 1119 3024 ubi
1124 2958 1179 3048 jus
1192 2979 1260 3034 uon

239 3041 940 3136 distingoiemeenosdisttbganedetemus.
1134 3053 1138 3058 ”

280 3139 376 3230 Unde
391 3143 438 3224 3⁰,
453 3138 550 3208 tocr'te'
559 3151 591 3212 et
604 3142 749 3231 expressi
757 3141 841 3214 eidem
860 3154 907 3214 est
925 3144 1082 3238 judicium
1095 3155 1127 3216 ei
1136 3155 1203 3234 'pur
1215 3158 1262 3218 est

238 3235 349 3302 unitus.
389 3254 392 3258 ·
774 3233 802 3242 ”
844 3233 848 3238 ’

280 3329 376 3398 Unde
400 3331 539 3416 tandem,
556 3355 625 3423 quer
639 3334 662 3400 ὰ
672 3335 744 3421 jure
763 3335 923 3402 commoni
934 3337 1134 3419 exorbitant,
1148 3359 1263 3430 nequa·

239 3428 335 3516 quum
347 3427 477 3494 suntad
488 3428 741 3520 consequentiam
755 3429 924 3498 tredendo.

238 3603 479 3740 ndairiiiclpidliiiu’
490 3611 654 3662 accessorium
664 3612 804 3664 reametur
820 3614 847 3664 in
861 3611 1038 3674 significatione
1047 3609 1146 3675 propria
1155 3611 1182 3663 et
1190 3613 1263 3668 min·

268 3743 305 3810 (b)
317 3747 380 3794 ilinc
390 3747 495 3796 verbnm
504 3747 569 3798 debet
577 3761 627 3798 non
635 3761 733 3812 seraper
741 3749 857 3812 inportat
865 3742 1046 3798 necessitatem.
1084 3767 1088 3774 ·
1137 3749 1159 3766 '⁴

267 3815 298 3864 ia
307 3815 377 3866 dubio
392 3815 514 3864 menneo
526 3817 602 3866 emti
615 3820 683 3868 edicti
695 3820 795 3876 mne,
806 3819 895 3867 sitibit
908 3817 967 3866 obsit
975 3832 984 3866 .·
992 3820 1014 3867 ei
1024 3819 1050 3866 in
1063 3817 1171 3870 omnbus
1185 3824 1262 3871 ecum

238 3883 315 3944 robor
322 3883 443 3951 mediet
453 3896 525 3935 eom
534 3886 650 3947 enotata
659 3885 731 3949 quim
738 3885 890 3956 eneam.
900 3885 970 3938 misi
980 3885 1011 3939 de
1021 3887 1105 3947 mente
1115 3887 1262 3950 muchart
