2990 4672
714 349 767 400 nu
787 328 1016 404 rnounrrs.

729 514 899 579 SECTIO
920 519 983 578 lll.

524 673 564 728 lle
575 678 690 742 pereatis
697 677 853 742 ignorantia,
865 643 1015 732 intimitatis
1025 679 1177 734 etmalittaei
1261 666 1263 670 ’

388 829 459 926 sor.
474 827 687 918 lonearium,
699 846 813 926 praetcr
828 831 905 900 alias
919 827 1097 916 divisiones,
1111 848 1156 904 est
1170 831 1220 904 rel
1233 836 1370 929 specula·

343 925 408 995 tiva
421 923 429 1010 ,
441 939 476 994 ut
492 927 667 1018 ignorantia
679 929 899 1020 mysteriorum
911 928 1003 1011 fidei,
1013 927 1062 996 vel
1071 930 1210 1022 practica
1220 947 1269 1014 ,ut
1282 931 1367 1023 igno·
1427 1008 1432 1021 Ι

316 1071 319 1074 -
343 1022 674 1118 rantiapraeceptorum
684 1022 1363 1118 Ecclesiaeblcetuuncimplendorum[178].

384 1118 562 1210 ignorantia
577 1133 622 1186 est
634 1134 794 1214 peccatum
814 1118 965 1212 speciale,
988 1121 1112 1212 quando
1131 1120 1311 1208 ignorantur
1327 1145 1365 1190 ea

342 1237 475 1306 quorum
488 1213 615 1296 scientia
632 1213 810 1308 praecipitur
823 1214 942 1282 ratione
955 1216 1015 1281 sul.

321 1397 324 1402 Ι
384 1307 421 1376 Si
433 1333 496 1375 non
506 1308 624 1403 ratione
638 1310 708 1392 sul,
730 1310 785 1378 sed
803 1310 904 1381 solum
917 1307 950 1376 in
961 1301 1068 1376 ordine
1085 1307 1125 1376 ad
1138 1308 1283 1404 praxim,
1308 1335 1364 1378 seu

340 1402 382 1469 ad
396 1400 598 1470 directionem
619 1403 831 1497 operationum
853 1419 1027 1472 nostrarum
1048 1403 1098 1469 bic
1114 1419 1144 1472 ot
1160 1429 1257 1481 nunc,
1274 1403 1363 1494 igno-

338 1496 440 1564 rantia
459 1513 581 1565 nonest
595 1513 757 1592 peccatum
782 1498 992 1566 distinctuma
1016 1513 1141 1592 peccato
1165 1499 1249 1592 qnod
1263 1525 1301 1567 ex
1326 1502 1363 1569 ed

295 1681 297 1686 Ι
340 1592 557 1676 committitur,
574 1597 632 1660 eta
646 1593 780 1684 peccatis
794 1594 907 1684 quibus
922 1595 1058 1686 exponit.

379 1687 558 1776 ignorantia
571 1688 724 1778 vincibilis
738 1704 898 1780 peccatum
914 1704 958 1755 est
974 1693 1010 1755 eb
1023 1689 1147 1778 gravius
1160 1691 1223 1782 qub
1237 1690 1361 1780 gravius

278 1819 280 1822 ·
339 1799 386 1852 est
399 1797 585 1878 praeceptum
595 1782 783 1872 ignoratum,
795 1797 825 1848 et
834 1784 934 1866 major
944 1782 1132 1872 negligentia
1147 1784 1317 1852 ediscendi.
1401 1783 1405 1790 ’

378 1879 548 1946 Peccatum
560 1875 643 1944 istud
655 1874 847 1943 continuatur
861 1891 891 1943 et
903 1875 1127 1968 multiplicatur
1140 1876 1219 1943 sicut
1233 1894 1360 1970 peccata

326 1965 510 2043 'omissionis
524 1995 592 2064 quae
605 1996 668 2037 non
681 1985 750 2038 sunt
764 1969 856 2037 affixa
870 1969 961 2037 certis
971 1969 1180 2062 temporibus,
1196 1973 1251 2038 sed
1265 1972 1360 2040 conti-

336 2084 448 2152 nuant,
463 2067 508 2136 ita
517 2083 550 2136 ut
562 2065 681 2158 quoties
693 2091 730 2134 er
742 2065 917 2158 ignorantia
926 2063 1066 2132 vincibili
1077 2064 1156 2132 actio
1170 2064 1222 2134 vel
1233 2066 1358 2152 omissio

335 2164 419 2234 mala
432 2163 599 2234 deliberate
609 2161 744 2255 ponitur,
755 2161 846 2230 toties
860 2161 912 2228 liat
921 2185 1035 2228 novum
1044 2185 1172 2228 numero
1181 2176 1355 2256 peccatum.

773 2287 887 2303 Q

378 2365 450 2406 ποι.
466 2338 635 2406 Peccatum
650 2364 687 2407 ex
703 2337 880 2408 infirmitate
894 2339 972 2408 illud
988 2353 1033 2407 est
1056 2339 1140 2431 quod
1158 2339 1243 2406 liter
1266 2337 1357 2407 velte

333 2433 431 2504 menti
441 2433 593 2528 passionis
612 2433 748 2528 impetu,
768 2434 919 2502 libertatis
932 2449 1035 2501 tamen
1048 2461 1137 2502 usum
1151 2433 1355 2527 relinquente.

301 2581 304 2587 -
361 2529 512 2600 ‘Gravius
527 2545 573 2599 est
589 2545 715 2623 peccato
725 2530 906 2622 ignorantiae
917 2583 924 2616 ,
937 2530 1010 2624 quia
1019 2530 1124 2625 passio
1138 2546 1230 2622 auget
1250 2530 1355 2613 volun-

332 2626 466 2712 tarium,
481 2626 539 2713 etsi
551 2625 670 2714 minuat
683 2625 829 2715 liberum.

375 2805 457 2881 203.
476 2806 645 2878 Peccatum
660 2832 695 2875 ex
709 2805 827 2874 malitia
840 2803 919 2873 illud
934 2819 979 2876 est
995 2803 1080 2898 qnod
1093 2803 1150 2874 nec
1165 2829 1202 2873 ex
1211 2803 1354 2896 ignoran-

331 2906 375 2975 tid
391 2920 443 2994 aut
456 2897 616 2998 passione,
632 2903 686 2972 sed
701 2929 738 2970 ex
756 2905 843 2970 mord
855 2901 1019 2970 voluntatis
1035 2901 1183 2972 electione
1199 2899 1350 2994 procedit.

372 2997 502 3065 Caeteris
516 2997 659 3088 paribus,
674 2997 743 3064 aliis
753 2997 887 3090 peccatis
901 2997 1026 3087 gravius
1042 3012 1098 3065 cst.

370 3090 458 3159 Nota
468 3119 475 3155 ι
486 3090 551 3157 Per
565 3090 730 3180 quamdam
745 3091 1057 3158 accommodationem
1070 3101 1196 3181 peccata
1214 3113 1253 3152 ex
1267 3088 1353 3156 infir·

328 3185 435 3253 mitate
451 3184 594 3252 dicuntur
605 3207 669 3250 csse
684 3188 791 3250 contrb
810 3183 915 3250 Deum
930 3185 1076 3263 Patrem,
1094 3181 1142 3248 cui
1151 3179 1307 3274 potentia;

368 3281 504 3350 Peccata
519 3306 556 3348 cx
572 3279 764 3371 ignorantia,
778 3283 883 3346 contra
893 3279 1009 3345 Filium
1020 3329 1028 3358 ,
1040 3275 1090 3343 cui
1100 3275 1267 3370 sapientia3

368 3376 413 3446 Et
427 3390 552 3470 peccata
566 3401 603 3442 ex
617 3373 752 3458 malitid,
779 3377 884 3442 contra
904 3371 1055 3469 Spiritum
1070 3389 1225 3459 sanctum,
1239 3372 1288 3442 cui
1297 3373 1352 3442 bo·

303 3533 308 3544 .
327 3472 407 3542 nitas
418 3469 634 3566 appropriatur
648 3497 656 3535 ε
672 3484 701 3536 et
714 3467 774 3536 ista

293 3653 295 3658 Ι
370 3567 434 3636 Sex
448 3578 682 3646 enumerantur,
698 3589 755 3658 per
773 3589 842 3658 quae
857 3561 1048 3658 repelluntur
1067 3579 1120 3632 aut
1133 3563 1349 3658 impugnantur

328 3661 474 3754 specialia
487 3660 594 3755 gratiae
608 3659 690 3728 dona
698 3685 767 3753 quae
782 3675 852 3727 sunt
865 3659 1089 3728 divinissamoris
1108 3661 1257 3727 effectusae

305 3801 306 3806 κ
368 3757 413 3826 Et
428 3774 558 3851 quatuor
576 3781 645 3849 quae
659 3755 693 3822 in
705 3755 865 3848 scripturis
878 3755 1021 3828 dicuntur
1041 3752 1075 3824 in
1089 3753 1199 3825 coelum
1217 3748 1349 3821 claman-

327 3851 390 3940 tia,
405 3854 564 3930 elicorum
577 3850 803 3928 mormitatcm.
