2990 4672
301 304 368 397 148
659 329 712 380 on
731 291 954 383 oratius.

338 447 356 486 ι
358 414 432 484 ⁰Ut
445 412 541 506 possit
554 438 617 481 non
629 411 705 504 poni
716 429 768 482 aut
798 415 963 484 auferri
935 439 1001 508 eJus
1017 420 1129 486 causat
1313 483 1315 486 .

336 517 370 580 3ο
384 511 430 578 Ut
446 510 513 576 haec
537 534 628 576 causa
649 510 774 578 debeat
781 535 843 578 non
861 511 935 605 poni
949 527 1001 578 aut
1020 511 1153 594 auferri,
1173 509 1319 606 nullaque

293 604 408 679 adsit
383 621 465 695 Justa
479 603 559 672 ratio
572 603 660 670 illam
673 605 808 715 ponendi
822 621 874 673 aut
888 632 949 673 nou
956 606 1122 674 auferendi
1131 608 1190 692 (c)

334 703 408 770 Ut
397 715 479 791 Justa
492 715 650 793 reputetur
667 700 762 781 ratio,
774 721 837 768 non
860 699 999 768 absolute
1014 700 1302 771 considerandat
1254 718 1302 770 est
1309 756 1318 782 ,

292 798 349 867 sed
372 795 500 864 relativ'e
521 795 561 862 ad
584 796 713 863 modum
737 821 798 890 quo
814 821 906 864 causa
919 795 1035 879 influit,
1061 812 1091 864 et
1110 797 1150 864 ad
1177 799 1322 866 effectum

295 895 375 990 ejus.
1380 977 1382 985 1

332 985 416 1054 Hine
431 985 555 1079 quando
567 1010 659 1053 eausa
672 1011 728 1079 per
744 1010 778 1052 se
800 999 830 1053 et
841 985 981 1079 proxime
967 985 1121 1054 influit
1110 1013 1144 1054 m
1158 987 1320 1076 effectum,

291 1084 392 1173 major
416 1082 509 1149 debet
524 1105 590 1148 esse
613 1081 693 1147 ratio
713 1079 966 1173 illamponendi‚
982 1096 1035 1148 aut
1055 1106 1118 1148 uon
1140 1072 1319 1165 auferendi,

290 1187 425 1270 quamsi
416 1176 541 1244 solum
555 1201 611 1270 per
626 1175 768 1244 accidens
787 1191 816 1243 et
831 1181 948 1244 remote
962 1175 1115 1245 influeret.

331 1271 439 1340 Hine
429 1275 561 1354 uerum,
580 1274 695 1364 quanto
712 1271 811 1361 magis
828 1269 935 1339 vel
892 1276 995 1340 minus
1008 1273 1132 1340 effeetus
1146 1273 1263 1354 bouus,
1280 1299 1319 1340 ex

290 1370 382 1436 eausa
394 1361 586 1474 procedens,
597 1366 714 1434 malum
729 1369 871 1435 effectum
893 1382 1070 1461 exsuperat,
1092 1369 1129 1436 eo
1147 1367 1249 1435 minor
1267 1367 1318 1458 ve'l

288 1466 391 1554 major
406 1464 485 1530 ratio
500 1461 669 1554 requiritur
683 1463 723 1529 ad
738 1489 862 1530 causam
878 1463 1071 1556 ponendam.

208 1641 211 1648 ¹
330 1559 381 1626 Ac
393 1559 572 1651 proinde⁰
542 1586 595 1623 r:
613 1557 749 1646 Quando
761 1561 888 1626 effectus
899 1558 1123 1625 honusmalum
1135 1573 1316 1652 exsuperat,

288 1648 341 1721 aut
369 1655 479 1721 saltem
503 1679 532 1719 er
522 1653 729 1744 aequivalet,
747 1653 834 1719 nulla
855 1668 901 1719 est
931 1653 1089 1762 obligatio
1098 1680 1160 1721 non
1181 1655 1318 1763 ponendi

165 1797 176 1816 .
287 1763 341 1814 aut
357 1747 486 1814 tollendi
506 1771 630 1812 eausam
636 1748 801 1836 ,quamvis
816 1773 872 1838 per
894 1773 927 1814 se
954 1763 983 1814 et
1001 1749 1141 1840 proxime
1162 1749 1294 1818 influat
1285 1775 1318 1816 ιιι

287 1856 390 1908 aetum
406 1840 535 1928 malurn.
557 1839 629 1920 Sic,
650 1855 778 1906 servatis
791 1841 967 1923 servandis,
983 1841 1083 1908 occidi
1104 1857 1206 1936 potest
1221 1844 1318 1934 injus·

282 1949 337 2015 tus
349 1933 421 2002 vitae
436 1958 611 2026 aggressor.

285 2029 514 2100 Ριοιιιιιι0
482 2058 535 2094 a:
528 2027 586 2096 ·Si
599 2055 635 2096 ex
642 2043 796 2123 praecepto
808 2025 967 2096 eharitatis
978 2028 1049 2096 vel'
1039 2029 1165 2120 Justitiae
1176 2046 1318 2100 teneatur

287 2125 358 2219 quis
387 2151 511 2194 causam
535 2124 657 2193 auferre
673 2141 801 2192 autnon
823 2150 950 2218 ponere,
966 2125 1090 2193 facilius
1102 2125 1174 2192 illi
1165 2145 1318 2222 imputan-

285 2235 338 2287 tur
353 2221 479 2288 effectus
497 2219 589 2300 mali,
608 2235 638 2287 et
647 2220 783 2314 quidem
796 2221 837 2288 ad
850 2219 1042 2299 mortale,
1016 2245 1044 2289 sr
1058 2220 1206 2289 damnum
1222 2247 1317 2344 grave

287 2315 399 2401 siud),
912 2347 915 2352 ’

321 2391 479 2479 Nota1⁰2
495 2408 636 2478 Effectus
652 2409 752 2478 malus
766 2408 875 2477 tandiu
897 2409 1088 2481 voluntarius
1104 2429 1149 2482 est
1176 2427 1316 2508 respectu

285 2501 452 2572 voluntatis
461 2505 637 2598 praesentis,
653 2505 792 2599 quandiu
804 2507 950 2600 impediri
964 2523 1081 2601 potest.

325 2599 371 2668 Et
395 2601 537 2694 quamvis
553 2601 687 2698 amplius
704 2617 835 2696 nequeat
852 2601 1009 2696 impediri,
1037 2626 1119 2696 saepe
1105 2601 1171 2667 fit
1187 2615 1221 2668 ut
1234 2625 1315 2668 sern

285 2719 342 2787 per
353 2695 393 2762 sit
406 2695 531 2764 volitus.

241 2867 243 2872 ,
326 2789 476 2859 Nota⁰
442 2819 460 2858 2
500 2791 703 2860 ·Peceatum
734 2815 797 2860 non
829 2803 1057 2858 consummatur
1085 2789 1220 2858 exterius
1250 2789 1314 2858 nisi

285 2883 399 2954 effectu
417 2887 612 2971 adveniente,
628 2903 760 3008 tuncque
773 2886 874 2955 solnm
884 2910 993 3006 poena,
1008 2883 1052 2970 si,
1063 2910 1132 2980 quae
1144 2884 1196 2970 sit,
1211 2884 1314 2954 incur·

285 2977 378 3047 ritur.
1252 3019 1256 3024 ·

326 3072 432 3143 Sed
406 3099 434 3144 ει
450 3074 577 3142 effectus
590 3095 654 3138 non
667 3073 820 3154 evenerit,
835 3087 998 3165 peecatum
1012 3075 1100 3166 aequl:
1114 3072 1314 3140 commissnm'

284 3184 459 3331 eStdiota
424 3263 483 3325 3
503 3256 608 3324 Causa
621 3257 749 3326 effectds
761 3257 837 3324 mali
851 3257 1012 3325 retraetari
1030 3257 1133 3325 dehet.
1151 3258 1253 3327 Sed
1228 3285 1255 3329 sr
1270 3261 1313 3330 es

283 3353 418 3422 licaeiter
443 3353 605 3421 retraetari
622 3379 685 3421 non
705 3353 833 3448 possit,
851 3352 1003 3447 sequelae,
1022 3353 1191 3445 obligatio,
1206 3385 1239 3425 v.
1232 3379 1295 3450 .g
1279 3411 1309 3444 ,

283 3446 465 3516 restituendi
472 3448 825 3558 ‚aequeimputabuntur
840 3451 898 3536 (e).

323 3540 477 3623 Notalss':
470 3541 599 3610 S·01a
590 3544 719 3612 intentio
740 3544 855 3634 injusta
874 3544 1023 3635 injustum
1042 3547 1105 3612 non
1117 3544 1194 3614 facit
1208 3560 1309 3614 aetum

169 3713 171 3718 λ
277 3651 443 3706 'externum
451 3662 526 3732 ,(1ιιι
516 3637 654 3708 alias
635 3665 698 3710 non
712 3655 790 3724 esset
803 3641 954 3732 injustus,
970 3665 1042 3708 casu
1033 3655 1187 3750 ‘excepto
1200 3641 1233 3706 in
1246 3666 1316 3732 quo

284 3747 369 3800 aetus
388 3733 442 3801 ille
460 3735 499 3801 ah
513 3733 688 3830 injustitia
677 3761 739 3806 non
753 3750 967 3832 ereusaretur,
981 3735 1042 3806 nisi
1057 3762 1094 3806 ex
1109 3761 1145 3807 eo
1159 3735 1242 3827 quod
1253 3735 1308 3803 illa

284 3825 414 3901 intentio
428 3829 560 3903 abesset.
627 3865 629 3872 ·
