2948 4676
550 313 878 372 emmeramum.-
1172 303 1217 396 57

192 389 1220 474 tvideantnlslvenlale‚.etsipoeniteatiaillalevisfuissetproratortaltlmsnondrim

193 475 301 522 remissis
312 475 435 534 imposita.
445 471 548 522 aliundis
559 474 688 534 peccatum
707 477 771 526 esset
780 488 830 528 nou
839 473 894 527 rar'o
902 477 1021 540 mortale,
1032 489 1064 528 ex
1075 491 1105 530 eo
1114 477 1179 544 quod
1189 481 1221 532 a·

193 541 261 594 deles
270 541 335 618 saep'e
346 544 427 592 forsan
435 544 470 592 sic
480 545 632 592 existiment.
692 587 695 590 a

653 623 769 638 ,-

189 737 192 744 ·
236 699 287 787 78.
305 695 373 764 Sub
393 695 524 764 mortali·
542 721 708 787 exgenere
727 722 783 766 suo
804 698 987 793 poenitentia
1001 698 1045 766 im
1067 699 1220 772 tentasse

191 793 481 886 temporepraefixo‚
495 792 629 860 maxime
640 793 666 860 si
675 809 802 889 'tempus
815 793 904 885 gravi
918 795 958 862 cle
973 725 1218 864 causidetermi·

190 904 298 956 natum
311 888 363 967 sit,
379 886 463 954 iiiut
473 888 528 954 fiat
541 889 630 980 quasi
641 914 716 982 para
727 888 916 983 poenitentiae
925 885 986 974 (a).

233 983 269 1051 Si
283 990 520 1076 autem'tempus
529 985 650 1053 nullum
665 985 905 1054 determinatum
916 985 956 1054 sit
966 1038 974 1068 ,
984 987 1217 1084 quamprimum

189 1078 349 1160 moraliter
360 1077 517 1172 implenda
528 1080 588 1166 (b).
1201 1080 1203 1086 ’

221 1255 256 1320 (a)
266 1271 290 1306 vs
301 1271 324 1318 g.
341 1257 446 1306 metante
461 1259 504 1306 vel
523 1258 626 1318 urgente
645 1259 796 1319 tentatione,
812 1258 940 1308 occasione
956 1259 1087 1320 prasente
1102 1259 1129 1309 st
1146 1260 1215 1309 enlm

187 1327 247 1374 tone
256 1326 372 1387 temporis
387 1337 437 1373 non
453 1327 600 1393 impleretur
608 1329 768 1390 paenitentia,
780 1329 836 1378 linis
844 1329 899 1388 ejus
906 1331 990 1378 totalis
1000 1326 1063 1379 torte
1078 1342 1129 1378 uera
1139 1329 1216 1378 attin

188 1402 358 1528 aepgpffiasso
369 1463 400 1510 ad
408 1475 519 1513 mensem
530 1465 656 1524 aliquibus
663 1477 713 1512 non
723 1450 823 1514 violetur
832 1465 956 1525 mortalts3
966 1477 1013 1518 aec
1022 1465 1108 1514 dilatio
1117 1465 1150 1514 ad
1159 1465 1215 1514 octo

187 1535 243 1592 post
253 1539 361 1580 mensem
372 1533 469 1591 dies‚st
480 1531 582 1593 singulis
589 1535 825 1595 menalus-praelixa
832 1534 865 1583 ait
875 1534 1030 1596 poenitentia.
1038 1534 1110 1594 Quod
1117 1527 1215 1584 tacitus

188 1597 261 1660 quim
271 1602 340 1662 prius
347 1601 483 1650 crederem.

189 1695 191 1700 ·
659 1674 765 1704 ---.··

230 1755 281 1846 79.
312 1751 423 1820 Causae
436 1749 487 1824 'ab
511 1751 689 1848 impletione
709 1752 901 1848 poenitentias
926 1767 1103 1822 excusantes
1126 1767 1211 1838 siml,

187 1865 299 1944 praeter
316 1849 531 1942 impotentiam
554 1847 716 1941 physicam
730 1863 783 1916 aut
803 1847 1040 1935 moratonio),
1065 1847 1213 1942 ipsiusin

84 2019 88 2033 Ι
187 1943 280 2011 aliam
290 1943 429 2036 legitima
444 1943 662 2026 commutatio,
676 1943 769 2011 idest
785 1971 793 2008 a

81 2121 84 2126 ¹
226 2039 438 2108 Commutatio
447 2039 529 2108 facta
539 2041 587 2123 (b)
602 2039 716 2126 justam
737 2019 959 2115 circationem
972 2051 1007 2106 ut
1021 2036 1050 2106 si
1063 2035 1213 2130 poerriten-

186 2134 230 2200 tia
241 2134 334 2244 nimis
348 2134 484 2218 difficilis
495 2131 757 2220 autminirsutilis
774 2132 920 2222 eraserim
929 2131 1104 2240 periculum¹
1113 2145 1213 2200 trans·

185 2255 349 2320 gressroms
357 2283 367 2312 ‚
384 2245 444 2300 etc.
780 2249 783 2258 '
945 2255 947 2260 ·
1102 2259 1104 2262 ·

221 2324 302 2394 Eta
324 2323 530 2394 sacerdotem
551 2316 714 2405 tribunali,
735 2311 987 2415 'caust'oognitai3
1011 2320 1211 2395 commutatio

186 2419 268 2489 enim
282 2420 469 2514 poenitentiae
485 2433 530 2488 est
541 2435 625 2487 actus
639 2415 795 2508 judicialis
810 2420 825 2503 (
842 2421 868 2503 ).

221 2515 314 2582 Unde
322 2515 473 2608 poenitens
485 2515 552 2608 ipse
562 2569 570 2596 ‚
581 2513 748 2606 nequidem
756 2513 789 2582 iu
802 2513 924 2594 melius,
939 2537 1007 2584 eam
1022 2525 1211 2602 commutare

183 2627 297 2704 potest3
313 2611 386 2704 quia
397 2611 514 2678 elevata
525 2627 570 2678 est
584 2611 625 2677 ad
640 2635 715 2703 opus
730 2607 990 2676 sacramentalem
1004 2605 1210 2676 satisfactoria

184 2722 229 2776 est
240 2733 277 2776 cx
291 2733 385 2803 opere
399 2722 537 2803 operatu
554 2705 790 2774 Sacramentum
801 2704 889 2770 fieret
902 2701 1059 2772 mutilum.
1086 2711 1088 2716 ’

214 2894 250 2959 (ol
260 2895 317 2944 Sive
326 2909 358 2944 ex
368 2897 438 2956 parte
447 2894 529 2956 operis
537 2891 674 2956 prescripti
683 2890 767 2940 veniat
775 2889 969 2950 impossibilitas,
979 2888 1031 2936 sive
1040 2899 1073 2938 ex
1080 2883 1150 2948 parte
1157 2896 1211 2946 pce·

182 2951 293 3022 nitentis,
299 2965 350 3024 qui,
359 2978 383 3010 v.
391 2977 414 3024 g,
423 2963 576 3024 poenitentiae
585 2959 857 3009 oblituscoaiessarium
863 2959 905 3019 qui
917 2955 1095 3022 eamimposuit
1105 2955 1209 3004 interro·

212 3033 391 3092 renonpotest.

181 3044 309 3160 macerer,
321 3101 433 3160 Bittuert‚
446 3101 504 3159 etc,
515 3095 684 3160 inpoenitentia
692 3095 799 3144 liberant
808 3108 865 3143 eum
873 3095 916 3156 qui
929 3107 961 3143 ex
969 3091 1125 3156 qudcumque
1134 3089 1208 3158 coust

182 3183 235 3219 eam
246 3160 351 3231 implere
367 3171 469 3230 nequit,
485 3167 526 3217 hic
535 3168 709 3216 ratiocinantes
725 3166 790 3213 sicut
802 3166 832 3212 de
847 3163 1045 3224 impossibilitate
1062 3163 1142 3222 legem
1159 3163 1208 3209 im-

181 3237 274 3300 plendi,
289 3237 454 3286 meditamen
465 3236 710 3288 aliterlleosatlsfiat.
722 3235 872 3288 ldexteadit
880 3233 985 3280 Billuart
993 3232 1024 3278 ad
1032 3243 1115 3292 casum
1123 3231 1149 3278 iu
1158 3239 1208 3292 quo

181 3308 303 3372 poenitens
313 3307 357 3356 sud
367 3305 439 3368 culpat
450 3306 621 3368 poeniteutiam
632 3305 723 3366 oblitus
733 3303 880 3362 essetque,
891 3315 916 3352 v,
925 3315 959 3361 g„
971 3300 1025 3358 eius
1034 3299 1207 3348 executionem

181 3375 273 3427 dictitas
291 3377 485 3439 procrastinatae
495 3377 541 3423 est.
553 3373 585 3420 iti
605 3367 662 3432 ergo
673 3370 704 3426 ad
715 3371 888 3432 repetitionem
907 3369 1065 3428 confessionis
1082 3369 1142 3416 tunc
1157 3377 1207 3413 non

180 3447 302 3507 obligant,
314 3447 357 3494 sed
368 3447 498 3499 consulunt
514 3439 593 3492 setiam
602 3445 631 3490 ut
642 3443 667 3490 in
685 3441 837 3506 contessioue
846 3438 960 3502 sequenti
970 3471 977 3498 ,
986 3438 1034 3490 alia
1043 3434 1207 3502 poenitentia,

180 3517 310 3576 proobtitai
320 3511 686 3577 malmuudariensium
698 3511 767 3560 solet.
1085 3565 1087 3570 Ι

209 3585 257 3634 Alii
268 3584 327 3634 vero
339 3585 550 3646 postBonacipom
562 3581 676 3630 adoliam
695 3578 867 3640 poenitentiam
883 3575 1015 3637 petendam
1034 3568 1160 3631 obligant,
1177 3567 1207 3620 ot

180 3655 359 3704 ‚sacramentum
370 3653 486 3712 reddatur
496 3655 627 3712 integrum,
637 3651 662 3698 et
671 3651 697 3701 iu
705 3661 763 3696 casu
773 3647 904 3695 oblivionis
913 3643 1016 3703 exigunt
1026 3642 1206 3696 iteratamcon·

181 3723 325 3783 sessionem,
343 3723 498 3784 duplicisque
508 3720 662 3782 poenitentiae
673 3713 873 3780 impositionem,
885 3714 960 3761 unius
971 3722 1014 3790 pre
1026 3708 1101 3762 solita
1111 3743 1118 3770 ,
1130 3708 1161 3757 ad
1169 3719 1206 3756 sa-

179 3793 298 3840 cramenti
314 3790 612 3851 integritatem3alterius
628 3801 673 3850 pro
684 3787 777 3836 actuali
793 3781 960 3840 sacramento,
971 3791 1029 3840 qma
1045 3777 1124 3859 danda
1142 3786 1205 3826 nova

179 3859 299 3911 absolutio
311 3862 357 3909 est.
367 3861 425 3908 ltaec
435 3859 462 3906 iu
471 3859 543 3920 praxi
554 3857 661 3906 tenenda
671 3855 771 3905 ridetur
780 3851 903 3902 sententia
929 3849 1019 3907 saltem
1029 3849 1058 3896 ut
1066 3847 1155 3906 tutior,
1164 3843 1205 3904 rol
