2990 4672
567 343 865 398 ounnccarrs.
932 311 944 406 'J
1166 350 1229 417 ¹77

207 423 438 528 placentiu'iel
448 424 639 522 displicentis
650 429 683 498 in
702 431 800 515 bono,
815 427 954 522 cogitatis
966 444 997 498 et
1009 438 1232 524 repraesentatis

207 542 242 634 ut
253 523 469 636 praesentibus,
484 523 551 595 siue
563 524 629 596 ullo
647 525 803 596 desiderio
824 526 949 620 ultique
972 523 1141 618 intentione
1154 528 1232 598 ulte
1336 583 1339 590 .

207 645 296 688 non.
601 655 607 661 -
703 685 705 689 ,
871 670 873 674 ψ

208 807 221 876 ¹
249 713 385 824 Triplici
405 714 499 786 modo
513 727 614 810 potest
631 715 719 810 quis',
744 715 927 809 cogitando,
947 716 988 786 de
1006 739 1042 787 re
1062 715 1145 786 mali
1171 717 1234 786 de«
1273 706 1297 728 ⁹
1321 744 1330 759 ·’
1351 711 1354 718 ’

222 822 328 878 eetarr.
1221 825 1223 830 “

252 901 500 990 1⁰Delectando‚
514 882 626 978 nonde
636 905 705 997 ipsi
714 929 766 988 re,
778 905 833 974 sed
846 903 886 974 de
894 907 958 997 ejus
969 905 1152 998 cognitione.

136 997 140 1006 ’
251 1004 284 1060 ²⁰
297 999 489 1082 Delectaudo
507 1001 613 1072 solum
632 1003 672 1070 de
696 1001 790 1070 modo
809 1025 936 1094 queres
955 1003 1082 1094 peracta
1104 1001 1163 1084 sit,
1178 1017 1232 1070 aut
1318 1055 1321 1060 ,

208 1094 317 1190 peragi
328 1112 442 1190 posset

248 1195 283 1257 3⁰
296 1189 493 1260 Delectando
501 1191 540 1259 de
553 1191 622 1285 ipsi
637 1215 671 1258 m
684 1189 778 1274 mali,
790 1189 990 1261 delectatione
1005 1215 1074 1285 quae
1086 1193 1233 1262 affectum
1335 1191 1338 1197 ’
1351 1214 1360 1231 ·

216 1283 259 1354 ed
274 1311 341 1354 eam
354 1303 479 1356 moreat
489 1341 497 1370 ‚
509 1287 624 1356 alliciat
634 1301 686 1355 aut
696 1303 867 1380 supponat,
1282 1347 1287 1354 .

230 1379 314 1490 ‘Vel
325 1381 477 1452 tristando
490 1381 530 1452 de
539 1397 610 1453 actu
623 1381 746 1453 virtutis
759 1433 767 1465 ,
778 1407 841 1450 non
850 1397 884 1450 ut
894 1381 1019 1451 difficili
1029 1434 1038 1465 ‚
1050 1384 1107 1452 sed
1115 1400 1150 1452 ut
1160 1399 1232 1454 actu
1302 1412 1306 1418 ·

208 1491 342 1544 virtutis.

250 1569 324 1638 Duo
345 1569 440 1666 primi
459 1572 546 1642 modi
557 1597 620 1642 nou
636 1587 706 1642 sent
718 1596 774 1666 per
784 1583 818 1641 se
829 1571 1051 1667 peccaminosi;
1077 1573 1133 1644 sed
1152 1573 1231 1646 tales

210 1685 277 1732 esse
294 1681 420 1760 possunt
439 1667 557 1758 ratione
570 1664 699 1762 periculi
713 1667 760 1736 rei
781 1667 871 1734 malae
888 1667 1097 1736 consentiendi
1110 1668 1160 1736 vel
1174 1693 1231 1762 per

209 1759 382 1868 simplicem
398 1762 558 1846 affectum,
580 1761 635 1857 qui
657 1787 720 1832 non
744 1765 816 1832 raro
831 1761 1017 1843 'comitatur;
1042 1778 1095 1830 aut
1112 1763 1231 1832 ratione

209 1856 393 1936 carnositatis
405 1858 466 1942 (o).
1284 1851 1286 1865 '

248 1945 311 2020 Ast
319 1951 428 2018 tertius
441 1950 552 2020 modus
566 1965 612 2020 est
621 1965 781 2046 peceatum
795 1978 832 2020 ex
845 1977 959 2044 genere
972 1977 1026 2022 suo
1036 1951 1167 2020 mortale
1182 1951 1231 2036 (i)

208 2045 439 2140 quotlspeciem
450 2045 544 2116 sumit
556 2047 597 2116 ab
613 2047 735 2138 objecto
747 2043 798 2132 ,in
809 2047 999 2118 confessione
1009 2060 1230 2138 consequenter

208 2137 393 2207 declarando
404 2141 465 2226 (c).
505 2217 506 2220 Ἴ
867 2162 869 2172 ’

248 2231 293 2303 Ei
310 2234 394 2304 'sicut
408 2234 577 2328 suppositio
590 2233 734 2325 quiores
745 2231 831 2302 licita
841 2233 881 2301 sit
892 2235 1004 2324 [¹95]⁷
1019 2257 1081 2299 non
1094 2231 1230 2301 auferret

206 2333 228 2400 ia
241 2357 276 2399 re
289 2331 462 2414 malitiam,
487 2329 515 2398 si
528 2329 568 2398 sit
581 2327 747 2398 intrinseca
760 2381 767 2412 ,
792 2330 837 2398 ita
861 2327 1095 2398 delectationem
1112 2325 1230 2396 licitam
1335 2332 1339 2342 '

207 2452 269 2494 uon
279 2427 423 2496 redderet
436 2425 605 2520 suppositio
618 2426 720 2518 quod,
741 2454 773 2495 v.
788 2452 840 2518 g„
860 2425 998 2520 pervim
1018 2441 1070 2494 aut
1088 2425 1229 2518 ignorari·
1277 2463 1284 2476 ι

207 2521 285 2593 tiam
297 2523 384 2592 tieret
393 2547 444 2592 res
458 2523 498 2592 de
512 2523 573 2614 qut
582 2519 713 2590 habetur
728 2520 890 2590 delectatio
902 2522 964 2609 (d).

249 2617 339 2686 Licet
358 2633 477 2701 tamen,
495 2643 553 2712 per
571 2641 605 2686 se
618 2615 792 2710 loquendo,
805 2617 940 2707 gaudere
961 2617 1001 2685 de
1014 2617 1128 2684 effectu
1144 2617 1228 2682 bono
1301 2679 1305 2687 .

208 2735 247 2780 ex
256 2711 340 2778 malo
351 2712 517 2780 resultante
529 2765 537 2794 ,
549 2711 644 2780 modii
657 2737 720 2780 non
733 2712 773 2780 de
790 2710 859 2804 ipso
868 2711 952 2778 malo
963 2763 971 2786 .
985 2736 1041 2780 nee
1054 2709 1135 2778 adsit
1148 2710 1229 2802 peri·
1250 2782 1259 2796 ,
1347 2784 1354 2795 ,

210 2805 314 2874 culum
330 2805 370 2872 de
381 2805 436 2873 illo
448 2805 604 2898 gaudendi
1035 2882 1042 2888 ⁵

250 2899 332 2968 Item
343 2898 450 2968 liceret
461 2956 465 2964 t
476 2902 612 2990 gaudere
631 2897 671 2970 de
687 2897 914 2971 circumstantia
932 2898 1013 2968 honi
1026 2922 1095 2992 quae
1113 2897 1229 2969 malum
1303 2900 1307 2910 '

210 2993 355 3064 comitata
372 2994 523 3090 essct(c).u

240 3186 277 3252 (o)
287 3185 349 3250 Ergo
358 3187 392 3252 1⁰,
403 3199 453 3236 non
462 3177 731 3249 peecateouieesarius,
742 3185 866 3249 medicus,
885 3187 944 3248 cte,
954 3185 1098 3237 delectando
1107 3201 1134 3236 se
1143 3188 1174 3236 do
1185 3200 1229 3238 ac·

208 3256 299 3318 quisita
307 3255 408 3318 praeeist
419 3259 450 3306 oh
460 3270 532 3305 suum
540 3257 614 3306 finem
623 3258 760 3318 cognitione
770 3269 854 3306 rerum
864 3257 987 3318 nuptum,
995 3259 1046 3306 uisi
1054 3258 1106 3317 ipsa
1114 3257 1230 3316 cogitatio

209 3327 247 3372 rei
258 3325 328 3408 cuiue
337 3327 424 3376 notitia
434 3327 549 3386 delectat,
566 3327 631 3374 mala
641 3327 688 3386 sit,
698 3339 722 3375 r.
739 3339 778 3386 n,
788 3327 900 3387 proximo
918 3325 1090 3386 iniuriosa,ut
1106 3325 1229 3386 iudicium

209 3396 401 3512 telgieitiiieiiiib
410 3457 578 3513 curiositatem
587 3464 664 3513 solam
674 3461 729 3524 quis
740 3463 847 3514 delectet
856 3464 887 3512 (lo
904 3464 1065 3526 acquisitione
1085 3463 1229 3524 corrutionis

208 3532 247 3580 rei
257 3531 342 3592 malae,
355 3531 405 3580 'erit
414 3534 542 3592 peceatum
549 3534 646 3583 reniale
654 3531 776 3593 tsedliaeo
784 3532 911 3580 euriositas
920 3533 947 3578 in
956 3529 1076 3580 obsooenis
1085 3530 1166 3589 potest
1176 3539 1230 3578 esso

119 3621 122 3625 ·
209 3601 323 3649 mortalis
330 3601 424 3648 ratione
434 3601 554 3660 periculi,
563 3604 589 3650 ct
598 3602 671 3662 quot,
682 3601 761 3651 cheul
771 3601 798 3648 iu
806 3599 849 3648 tut
860 3599 952 3648 fontem
959 3599 1106 3660 repererunt
1115 3597 1230 3646 tentatio·

208 3681 270 3719 uum
280 3669 371 3730 quibus
387 3670 577 3718 succubuerunt.
586 3668 690 3720 Aliunde
705 3666 873 3720 ditticititune
883 3679 952 3716 mera
962 3665 1091 3716 euriositas
1101 3665 1229 3715 abaiioctu

208 3740 346 3872 ”liiierillii
357 3803 1004 3868 noupceeatquideieetaturpraeeisidemodorarm
1021 3803 1134 3864 insolito,
1151 3817 1228 3864 noro,

210 3875 447 3950 uttuutuiucuo
457 3907 464 3939 2
475 3875 644 3939 ,euntemque
654 3877 767 3929 murelo
783 3874 1065 3940 »occupavimus
1082 3876 1134 3990 {¹2⁸⁸
1145 3874 1229 3938 dispit-
1313 3936 1319 3948 ⁸

338 3960 361 3996 ι,
792 3977 795 3981 .
