2932 4658
262 263 336 358 354
441 284 494 336 na
516 281 650 336 snxro
664 257 720 332 'rm
737 277 855 338 nouo
876 280 1110 335 rameruco

260 374 313 422 tem
324 367 471 432 sepissime,
482 383 539 420 cum
555 369 607 418 baec
620 382 670 418 non
680 369 744 419 liunt
754 366 849 418 morose
860 383 868 431 3
880 381 927 418 nec
935 367 1058 422 ordinarie
1067 369 1191 431 reperitur
1201 369 1249 420 nisi
1256 365 1286 420 ln

259 441 345 504 iisqui
356 438 463 489 suntaut
478 434 584 488 multum
598 439 629 486 ad
639 451 756 487 venerem
775 439 902 500 inclinati,
914 439 970 500 aut,
984 441 1013 488 ut
1028 441 1140 501 quaedam
1150 440 1234 488 nervis
1252 429 1286 489 cd

261 511 394 559 mobilibus
403 507 496 556 donatas
506 539 514 566 ,
524 507 553 555 ut
563 520 596 555 ex
612 507 692 554 nihilo
704 503 756 556 iere
775 509 857 557 motus
870 520 1005 567 venereos,
1016 505 1067 555 imo
1083 509 1109 556 et
1125 509 1287 569 pollutionem

261 580 430 640 experiantur.
442 577 490 625 Sed
500 573 557 625 crim
573 577 687 624 timorem
703 576 751 624 Dei
763 577 870 636 babent,
882 577 913 624 iis
922 589 971 624 nou
980 578 1144 625 consentiunt.
1155 573 1286 637 Quousque

260 649 343 696 autem
352 646 456 708 peccent
465 646 518 705 bn,
529 646 612 692 oscula
623 646 650 704 et
659 645 789 706 amplexus
803 658 836 693 ex
845 646 957 705 levitate,
969 647 1028 704 eto,
1039 647 1219 706 permittendo,
1229 645 1286 694 ride

259 717 465 778 numerisl75‚d‚·
477 715 531 774 180,
542 729 567 762 α.
1187 723 1189 728 ·
1297 757 1299 761 .

290 784 338 832 Sed
349 796 447 844 semper
452 783 551 830 adverte
558 782 653 830 nescire
660 779 722 830 rone
732 778 796 842 saepd
805 780 962 842 iuvenesque
973 781 1063 842 spiritu
1074 783 1231 842 moveantur3
1242 781 1286 831 illa

259 854 341 902 omnia
350 855 422 912 plena
434 865 486 900 esse
497 851 710 918 pericull‚vixque
728 848 795 898 certo
806 846 819 898 ir
832 850 927 898 mortali
947 851 1060 900 excusari
1072 863 1157 911 posse,
1168 849 1225 900 crim
1233 863 1286 899 cre·

259 918 303 969 brb
315 921 376 969 nunc
386 922 451 970 inter
461 921 559 969 casdem
569 932 685 980 personas
700 913 750 978 iim
761 920 873 966 lrbrdrnrs
882 931 997 980 capaces3
1007 920 1032 968 ct
1045 920 1158 979 quamvis
1177 933 1225 968 non
1243 919 1286 966 dc-

258 989 327 1052 siut(
341 1003 445 1050 quorum
456 990 604 1038 sententiam
623 989 724 1049 quidam
735 1001 888 1035 communem
901 989 1002 1050 dicunt)
1021 988 1063 1048 qui
1081 999 1111 1035 ea
1125 990 1192 1035 omni
1212 985 1284 1047 culpi

258 1069 345 1108 vacare
355 1059 495 1118 opinentur,
507 1055 563 1106 cirm
575 1057 656 1117 agitur
667 1057 697 1104 de
709 1055 812 1104 fovenda
825 1055 933 1105 auricitii
944 1058 1035 1105 intuitu
1044 1057 1120 1104 loturi
1133 1053 1284 1105 matrimonii

258 1127 393 1176 etsimotus
404 1128 513 1174 excitent
524 1139 567 1186 qur
586 1123 669 1174 statim
688 1125 872 1185 reprimuntur,
894 1126 1050 1186 experientia
1069 1124 1142 1173 'docet
1163 1137 1215 1172 esse
1228 1126 1282 1172 baeo

258 1196 318 1243 tune
329 1197 354 1243 in
362 1197 476 1256 pluribus
484 1207 591 1243 venerea
601 1227 608 1254 ‚
620 1195 646 1242 et
657 1195 683 1240 in
695 1195 750 1242 aliis
760 1188 868 1242 multirm
880 1196 1028 1254 periculosa,
1038 1190 1094 1242 ciam
1105 1195 1135 1240 ab
1149 1194 1188 1240 bis
1198 1193 1284 1252 paula-

258 1262 305 1312 tim
313 1266 339 1314 ct
349 1261 412 1325 saepd
423 1265 493 1312 brevi
505 1265 535 1312 ad
545 1265 627 1323 turpia
638 1263 794 1310 descendant.
801 1261 869 1310 Unde
881 1265 912 1310 ob
922 1265 985 1324 baec,
997 1263 1043 1312 etsi
1053 1259 1161 1319 nondum
1166 1271 1282 1320 venerea,

258 1345 308 1382 non
318 1334 485 1394 imprudenter
496 1333 608 1380 dlllertur
619 1331 739 1379 absolutio
748 1333 900 1381 assuefactis.

288 1400 391 1451 Aliunde
407 1415 470 1450 unus
481 1401 583 1448 alterius
601 1400 799 1460 complexionem
818 1414 867 1448 non
879 1401 962 1460 novit,
984 1402 1086 1462 eiusque
1105 1399 1223 1459 fragilitas
1234 1393 1282 1458 lpsl

257 1470 340 1530 ignota
353 1485 402 1519 non
413 1471 496 1518 subest
504 1483 554 1517 sum
565 1470 701 1527 voluntati,
712 1484 767 1529 quae
782 1470 844 1517 ratio
859 1467 926 1518 certe
937 1482 986 1517 non
997 1471 1034 1519 est
1042 1469 1193 1531 spernenda,
1205 1467 1281 1516 etiam

258 1538 314 1588 ciam
325 1537 396 1600 rard,
408 1541 433 1586 ot
443 1551 490 1586 non
501 1551 557 1586 curn
569 1533 655 1584 eidem
663 1538 824 1586 osculabunt.
978 1591 979 1597 ¹

287 1608 374 1656 Fateor
384 1609 466 1656 tamen
477 1603 577 1655 diflicild
587 1607 672 1654 multis
682 1607 706 1654 in
717 1607 813 1654 casibus
825 1605 904 1654 videri
919 1602 960 1668 bic
970 1606 1100 1666 peccatum
1116 1605 1227 1654 mortale.
1238 1604 1281 1650 Fa·

258 1672 369 1723 cllidsde
378 1676 416 1723 bis
427 1677 452 1722 ln
461 1675 562 1722 casibus
576 1675 767 1734 particularibus
785 1671 859 1734 quim
879 1673 1015 1734 generatim
1029 1675 1171 1734 iudicatur,
1192 1675 1219 1722 et
1231 1669 1280 1733 qu'o

257 1745 312 1803 quis
322 1745 360 1792 est
371 1745 498 1805 infirmior,
510 1739 540 1791 eb
552 1740 629 1802 magis
639 1744 688 1790 sibi
697 1757 785 1792 cavere
804 1745 888 1792 debet.
910 1745 978 1792 Unus
992 1740 1121 1805 aliquando
1143 1743 1280 1808 mortaliter

256 1825 313 1860 rcus
324 1814 449 1862 invenitur
459 1815 501 1861 ubi
511 1825 559 1860 non
570 1813 641 1860 alius.
653 1813 771 1873 Equidem
781 1813 893 1860 damnala
903 1813 940 1859 est
951 1814 982 1859 ab
993 1815 1131 1860 Alexandro
1143 1814 1185 1859 Vll
1194 1824 1282 1872 propo-

256 1882 314 1929 sitio
324 1883 376 1930 baec
389 1896 396 1929 τ
408 1885 450 1931 Est
460 1882 586 1942 probabilia
594 1884 671 1942 opinio
682 1883 848 1941 predicasse
860 1878 951 1928 lontrim
962 1882 1051 1927 venich
1062 1882 1165 1926 orosium
1173 1881 1282 1926 babilone

254 1954 349 2012 proper
359 1952 528 1999 delectationem
535 1952 652 1998 ramalem
661 1952 684 1996 et
692 1949 820 1996 mnsibrlcm
830 1959 885 2008 puoe*
892 1962 922 1995 en
929 1949 1005 1996 osculo
1017 1949 1093 1996 oritur
1102 1979 1110 2005 ,
1119 1948 1205 1995 secluso
1216 1949 1280 2006 peri-

256 2021 307 2068 culo
319 2018 439 2068 columnis
448 2019 573 2067 ulterioris.
582 2009 629 2066 Sed
639 2017 669 2064 ob
679 2017 767 2063 ultima
778 2017 853 2064 verba
865 2030 872 2062 z
884 2019 970 2065 secluso
981 2018 1095 2077 periculo,
1105 2019 1158 2076 cicc
1165 2015 1278 2062 damnata

256 2088 366 2148 videtur,
376 2089 434 2148 quia
444 2087 559 2148 supponit
577 2086 641 2148 quod
651 2099 699 2134 non
710 2086 755 2133 est.
772 2087 910 2134 Delectatio
920 2087 986 2134 enlm
1002 2087 1106 2134 carnalis
1117 2085 1142 2132 et
1156 2081 1279 2132 sensibilis

255 2168 300 2204 seu
310 2159 422 2216 organica
432 2190 440 2217 ‚
452 2157 527 2204 sinon
539 2158 603 2204 esset
623 2155 762 2216 periculum
774 2154 904 2202 consensis
925 2155 1063 2215 ulterioris,
1082 2167 1131 2202 non
1140 2155 1280 2202 esset'rnor-

254 2225 325 2284 talis,
347 2219 403 2272 crim
418 2237 466 2272 non
482 2225 514 2273 sit
535 2236 656 2284 venerea;
672 2225 713 2270 vel
732 2224 789 2283 qula
804 2235 850 2284 per
866 2225 941 2290 uerbo
953 2225 1073 2272 carnalem
1094 2227 1116 2271 et
1133 2223 1278 2278 sensibilem,

167 2300 170 2307 “
255 2294 401 2352 intelligitur
415 2308 520 2346 venereo.
531 2293 640 2358 Inprarl
655 2293 715 2342 talia
731 2295 831 2354 oscula,
844 2293 934 2360 saltem
941 2305 1050 2354 morosa,
1061 2293 1172 2341 babcnda
1185 2292 1241 2342 sunt
1250 2291 1279 2340 ut

256 2361 378 2412 mortalia·
940 2381 944 2386 ”

634 2453 918 2520 acsonurronrs'

663 2611 866 2674 circiaspcctus.
895 2616 900 2626 '
984 2595 986 2599 ⁵

297 2765 370 2831 381.
383 2761 436 2829 Da
449 2759 624 2854 aspectibus
639 2760 747 2828 cadem
756 2759 822 2828 seri.
834 2757 966 2828 dicenda
976 2784 1012 2828 ac
1027 2758 1066 2830 de
1080 2757 1224 2831 tactibus.

295 2849 393 2945 Igitur
408 2871 442 2922 ut
455 2855 601 2922 mortales
616 2854 730 2922 habent
738 2872 878 2948 aspectus
891 2857 923 2922 in
933 2856 1086 2951 pudendis
1100 2859 1280 2952 partibusve
1297 2870 1301 2880 '

253 2948 363 3016 vicinis
374 2949 422 3032 (a)
435 2948 573 3040 corporis
584 2973 724 3042 personae
733 2950 860 3020 alterius
868 2955 969 3036 sexus,
981 2952 1043 3022 nisi
1051 2953 1155 3022 forsan
1161 2954 1201 3023 sit
1208 2971 1279 3024 aeta·

253 3041 293 3109 tis
304 3040 394 3107 valde
408 3043 539 3135 puerilis
553 3045 611 3128 (b).

293 3132 338 3203 Et
352 3149 508 3230 aspectus,
527 3137 620 3204 ctiam
636 3163 673 3204 cx
687 3138 753 3205 soli
768 3138 948 3212 curiositate
961 3158 1014 3210 aut
1027 3143 1169 3223 levitate,
1185 3141 1276 3210 ers'ia
1354 3195 1357 3202 .

254 3249 387 3310 remoto,
405 3226 584 3300 concubinis
599 3232 660 3300 viri
676 3261 746 3301 cum
757 3234 897 3303 foemini.

297 3327 344 3394 Ut
360 3327 495 3394 veniales
511 3332 585 3396 vcrd
611 3327 760 3398 habentur
777 3326 1193 3420 communiter-propriorum
1220 3357 1277 3426 pu·

253 3421 427 3491 dendorum
441 3438 580 3514 aspectus
596 3429 668 3489 cinn
682 3427 781 3490 obiter
800 3423 959 3503 fiunt,ch
976 3449 1014 3491 ex
1024 3422 1149 3495 levitate
1159 3443 1211 3496 aut
1225 3455 1276 3496 cu·
1358 3483 1362 3491 .

253 3517 390 3586 riositatc
400 3517 497 3596 meri,
512 3540 569 3583 nec
582 3520 703 3583 morosi
718 3533 771 3583 aut
781 3517 917 3584 studiosi
926 3518 984 3605 (c).

268 3657 274 3662 ι
294 3612 339 3680 Et
353 3637 386 3678 as
410 3613 493 3679 ectus
508 3609 606 3679 coitus
620 3611 798 3694 brutorum,

294 3704 338 3772 Et
344 3638 559 3798 puicndorum
569 3707 732 3776 infantium
737 3712 764 3775 ‘a
774 3707 938 3794 matribus,
945 3710 1009 3781 imo
1021 3711 1061 3780 ab
1068 3712 1186 3782 ancillis
1198 3707 1274 3778 [acti

253 3797 364 3870 leviter
380 3818 433 3874 aut
447 3829 486 3874 ex
496 3801 684 3887 curiositate,
701 3805 778 3872 dirm
793 3831 844 3876 eos
855 3806 970 3879 lavant.

153 3955 372 4235 sold
401 4103 404 4108 -
432 3979 490 4110 i·
503 3943 1053 4219 sensam
1102 3961 1104 3966 ’
