2932 4658
274 271 345 366 348
443 265 725 345 nn'snxro'irr
742 285 859 343 nono
879 284 1113 342 ermenero

272 386 339 432 certa
350 379 475 431 invenitur
482 379 625 441 paternitas.
636 375 755 426 omnibns
766 374 864 426 aliunde
872 377 1017 438 aequalibus,
1026 375 1088 427 torte
1096 373 1187 440 polide,
1196 379 1300 430 sednon

272 451 349 512 certo,
360 450 490 500 tribuenda
499 449 562 496 toret
572 449 674 508 marito,
689 449 748 509 quia
759 451 812 496 sine
823 446 988 508 repugnantia
1004 459 1033 496 ae
1043 447 1145 510 proinde
1156 442 1243 508 majori
1260 451 1301 498 al-

271 521 338 569 lcctu
347 522 373 568 tit
383 521 452 567 actus
460 517 595 578 coniugalis
602 513 677 578 qu'am
687 517 847 576 adulterium,
857 519 904 564 elsi
915 519 998 564 tamen
1007 519 1156 566 contrarium
1167 517 1229 580 saepd
1239 532 1299 567 eve-

272 585 526 650 niat.,Quamvlsergd
542 587 572 633 de
584 586 670 644 maiori
689 581 747 645 ergit
761 587 878 634 maritum
895 581 969 646 quam
980 582 1036 646 erg'a
1053 587 1192 637 adulterum
1207 589 1297 636 allecto

271 656 407 716 constaret,
417 656 520 704 dubium
539 656 626 704 saltem
643 668 717 702 omne
728 667 777 702 non
794 655 932 702 tolleretur.
949 655 1031 716 Aliqui
1043 657 1130 704 volunt
1150 659 1298 716 conceptum

270 719 324 776 esse
336 727 423 774 loetum
434 738 466 772 ex
477 737 506 771 eo
524 724 567 784 qui
586 725 666 784 prior,
677 725 732 784 post
743 725 883 782 menstrua,
899 724 1030 772 mulierem
1049 727 1176 786 cognovit,
1191 723 1297 786 raroque

270 797 400 856 concipere
410 794 529 842 mulieres
540 787 598 841 diam
610 794 707 852 tempus
717 793 898 840 menstruorum
914 793 1102 852 appropinquat.
1114 794 1162 842 Sed
1176 793 1298 854 quidquid

270 865 318 923 sit,
333 877 415 926 neque
432 863 543 921 adulter,
552 873 633 921 neque
644 861 697 922 ipsa
713 861 825 909 adultera
836 861 931 920 aliquid
945 861 975 908 de
992 863 1176 910 menstruorum
1191 864 1297 910 ciacum-

269 931 359 982 slantii
372 926 494 980 ordinarie
510 929 631 976 aitinnare
643 931 753 990 possunt.
763 931 852 976 Forsan
864 928 959 988 aliquid
970 928 1058 986 conjici
1072 931 1153 989 potest
1166 945 1198 979 ex
1209 930 1297 979 simili·

269 1003 355 1054 tudine
366 1002 431 1049 inter
441 1011 493 1047 esse
502 999 633 1059 physicum
644 1000 687 1046 aut
697 999 789 1045 morale
805 999 881 1058 prolis
894 999 920 1046 et
929 997 1057 1058 physicum
1069 1001 1113 1047 aut
1132 1002 1226 1048 morale
1242 1013 1296 1050 esse

268 1072 347 1132 patris
362 1071 388 1117 et
402 1069 455 1127 ejus
474 1068 725 1126 consanguineorum,
739 1068 764 1114 ct
778 1066 809 1113 ad
824 1067 907 1113 notam
921 1066 985 1114 hanc
1000 1067 1126 1114 attendere
1146 1081 1245 1128 semper
1257 1069 1296 1118 iul

269 1137 417 1198 inclinatus,
428 1137 510 1184 seder
523 1136 690 1193 imagitatione
701 1137 727 1183 et
737 1135 826 1182 aflectu
836 1134 964 1194 mulieris,
973 1135 1048 1182 etiam
1060 1131 1129 1184 extra
1139 1140 1230 1198 actum,
1242 1139 1296 1188 hare

269 1207 405 1256 similitudo
416 1201 546 1264 aliquando
557 1204 646 1251 ‘lorsan
662 1205 763 1250 evenire
774 1203 863 1263 poisat.
872 1204 1003 1252 Generatio
1021 1205 1166 1265 mysterium
1180 1210 1227 1256 est.
1238 1208 1296 1256 Sola

269 1273 327 1336 ergo
338 1272 471 1334 conceptis
481 1275 507 1322 et
517 1273 653 1320 nativitatis
659 1271 771 1331 tempora
783 1273 886 1320 dubium
892 1286 974 1333 omne,
985 1276 1098 1334 quamvis
1107 1275 1237 1336 aliquando
1245 1290 1296 1326 non

269 1345 387 1404 totaliter,
408 1343 508 1391 tollunt.
520 1337 644 1389 lntcrddm
663 1343 746 1389 tamen
761 1341 883 1388 adulterae·
897 1343 972 1390 etiam
993 1339 1051 1391 rard
1071 1347 1233 1405 paenitentes,
1243 1348 1294 1393 tam

269 1415 374 1463 firmiter
388 1413 510 1460 affirmant
525 1411 713 1471 paternitatem,
734 1410 763 1457 ut
774 1411 900 1458 crederem
915 1407 988 1458 iacild
1002 1412 1113 1472 quedam
1122 1426 1175 1461 esse
1185 1415 1253 1474 signa
1262 1428 1294 1464 ex

269 1483 360 1543 quibus
370 1482 438 1528 illam
447 1480 591 1539 cognoscant
599 1475 746 1539 aliquando,
757 1493 782 1527 v.
794 1492 836 1539 p,
850 1492 895 1540 per
909 1481 1033 1528 insolitam
1048 1483 1258 1541 perturbationem
1268 1487 1295 1534 et

269 1552 440 1610 voluptuosam
458 1549 687 1609 horripilationem,
698 1549 719 1595 si
738 1549 787 1595 sint
802 1547 926 1608 exquisita
940 1550 1101 1598 sensibilitate
1118 1551 1220 1599 donata.
1237 1555 1294 1602 llaec

270 1619 438 1679 conceptionis
448 1619 515 1677 signa
527 1617 569 1664 dat
580 1618 740 1665 Aristotcles:
752 1619 784 1665 Os
793 1619 858 1666 uteri
870 1618 993 1666 litsiccius
1004 1620 1029 1667 et
1039 1620 1158 1678 asperius.
1169 1623 1295 1669 Nonnullis

269 1685 353 1736 statim
361 1687 505 1746 turgescunt.
523 1686 566 1732 ilia
579 1683 587 1745 (
599 1686 676 1732 latera
687 1687 770 1732 infima
780 1686 798 1744 l.
816 1687 841 1732 Si
853 1683 911 1734 vero
923 1689 1055 1747 septimum
1070 1687 1137 1734 diem
1148 1701 1231 1736 semen
1241 1703 1295 1738 sus-

270 1759 369 1816 ceptum
381 1755 534 1803 continuerit
545 1754 652 1813 mulier,
671 1756 813 1814 concepisse
823 1757 918 1801 certum
937 1759 1013 1802 est...
1031 1757 1122 1814 eorpus
1136 1759 1164 1806 iit
1178 1760 1294 1818 gravius,

269 1827 335 1873 oculi
347 1825 461 1883 caligine,
471 1823 544 1882 caput
554 1824 664 1870 tentatur
674 1823 813 1880 doloribus,
825 1824 851 1868 et
868 1823 924 1866 aliis
940 1822 992 1868 lroec
1009 1820 1127 1881 celeriris,
1143 1837 1198 1882 quae
1211 1827 1295 1874 tamen

269 1895 366 1942 decimo
376 1894 416 1939 die
427 1891 580 1956 contingunt.
591 1893 719 1940 Nonnullis
739 1891 814 1938 etiam
824 1889 850 1934 et
862 1899 960 1940 nauseae
975 1889 1000 1934 et
1010 1891 1117 1936 vomitus
1130 1895 1188 1938 saint
1197 1892 1291 1944 infesti.

269 1963 404 2013 comitatos.

270 2015 280 2030 ”
300 2031 402 2089 Signum
419 2028 569 2077 ordinarium
579 2027 672 2078 habent
686 2028 805 2077 mulieres
822 2027 984 2076 cessationem
999 2025 1082 2076 ilnxds
1097 2031 1233 2092 menstrui,
1248 2032 1294 2082 sed

268 2095 432 2162 praeterqudm
442 2094 608 2158 quodsiguum
619 2099 684 2146 istud
693 2093 756 2157 saepe
767 2109 816 2143 uon
827 2093 897 2156 aeque
907 2093 1018 2157 prompta
1029 2110 1057 2144 ac
1065 2099 1227 2158 praecedentia
1234 2113 1294 2149 ere-

169 2213 172 2220 .
268 2169 335 2227 niat,
347 2169 384 2214 est
395 2167 512 2226 lallibile3
525 2179 556 2214 ex
565 2166 613 2214 alid
625 2168 690 2214 enim
699 2163 771 2213 causi
784 2165 867 2212 liuius
876 2177 970 2214 cessare
988 2166 1077 2226 potest.
1094 2167 1229 2227 Aliquando
1243 2181 1294 2219 non

269 2240 347 2288 cessat
359 2240 384 2286 in
395 2237 501 2297 gravidis
515 2238 563 2284 nisi
580 2238 634 2297 post
650 2237 733 2297 plures
742 2247 848 2284 menses.
869 2230 973 2283 ltlultirm
990 2237 1112 2284 minuitur
1121 2237 1224 2285 dubium
1236 2234 1293 2288 crim

268 2309 366 2359 adulter
376 2305 440 2364 rard,
451 2307 554 2353 maritus
564 2302 627 2364 saepe
642 2305 774 2352 mulierem
783 2305 904 2363 cognovit.
916 2304 964 2352 Sed
972 2318 1020 2353 non
1029 2306 1092 2352 illud
1105 2307 1293 2366 sempertotali-

268 2381 308 2498 te:=
318 2381 391 2462 tollit,
397 2375 468 2499 ιιῑαιιὸᾰ
477 2379 574 2428 adulter
584 2371 738 2454 frequentiis
746 2389 820 2439 quam
830 2377 1293 2440 maritusmulieremeoquosceuqiue-

268 2462 282 2498 r
311 2462 397 2498 onams
424 2483 431 2497 .
1127 2467 1131 2477 ι

311 2590 383 2671 37⁷·
406 2581 517 2652 Media
538 2583 654 2676 partim
678 2579 789 2648 saltem
808 2579 989 2653 restituendi
1001 2575 1153 2651 adialtcrae
1173 2605 1293 2682 suppe-

267 2693 335 2748 tunt

307 2773 398 2842 Bona
410 2771 659 2867 paraphernalia,
675 2771 702 2839 si
716 2768 841 2838 habeat.

307 2869 389 2938 Pars
403 2867 556 2933 bonorum
567 2892 635 2958 quae
646 2866 760 2933 dicitur
775 2863 1050 2958 disponibilis(a).

307 2962 370 3030 Rei
383 2959 547 3027 familiaris
558 2959 783 3028 administratio
794 2961 983 3052 diligentior.

308 3054 507 3148 sumptuum,
516 3078 593 3145 quos
607 3054 744 3144 legitime
762 3054 865 3122 facero
879 3071 995 3151 posset,
1010 3056 1210 3124 substractio.'

305 3150 412 3222 Prolis
423 3149 535 3246 spuriae
546 3149 586 3217 ad
595 3165 709 3217 statum
720 3149 900 3241 religiosum
914 3168 965 3219 aut
974 3151 1157 3230 clericalem,
1169 3148 1196 3217 si
1204 3161 1286 3244 aptam
1304 3217 1310 3232 .

210 3298 212 3302 -
265 3247 317 3316 vel
335 3245 375 3314 ad
389 3246 572 3314 lucrandum
587 3271 623 3314 ex
640 3260 705 3314 arte
715 3260 767 3312 aut
780 3246 944 3326 famulatu,
956 3242 1091 3310 inductio
1104 3244 1161 3326 (t).

307 3341 468 3422 Prudens,
480 3342 506 3407 si
519 3341 694 3433 possibilis,
715 3343 859 3427 adductio
870 3355 904 3406 ut
917 3340 997 3404 bona
1016 3336 1079 3405 sihi
1099 3337 1287 3426 adventura,

265 3436 335 3505 aliis
346 3435 419 3503 filiis
433 3433 484 3502 vel
496 3435 600 3502 mariti
611 3434 787 3508 haeredibus
803 3433 1005 3521 derelinquat.

307 3531 409 3600 Cauta
422 3530 523 3598 suasio
541 3531 655 3600 marito
670 3533 762 3612 facta,
776 3543 811 3596 ut
824 3526 972 3619 legitimis
984 3527 1024 3597 de
1036 3543 1127 3624 parto
1137 3529 1288 3600 lonomm

266 3623 447 3718 disponibili
461 3625 573 3697 [aveat.

307 3719 372 3787 Sed
385 3721 495 3790 timere
508 3723 653 3792 debetne
668 3743 701 3789 se
714 3717 857 3789 diffamet
874 3718 1006 3814 odisque
1018 3722 1127 3813 gravia
1140 3717 1262 3788 suscitet
1276 3749 1283 3796 ;

266 3815 308 3888 ad
321 3815 381 3892 hoc
394 3819 474 3893 enim
487 3845 547 3893 non
556 3833 686 3902 tenetur,
702 3843 759 3892 ncc
772 3821 792 3888 a
805 3818 929 3890 fortiori
936 3819 1049 3892 marito
1062 3833 1114 3890 aut
1126 3815 1231 3914 spurio
1240 3839 1286 3886 re·
