2990 4672
295 367 367 418 tos
674 365 726 416 nb:
740 361 941 417 mnibus.

292 452 310 538 (
322 456 406 547 qnod
419 456 523 520 nmen
534 452 745 542 nontcnontur
758 447 963 543 protrahere)
980 443 1112 610 ifflm
1121 461 1248 541 possunt
1257 447 1321 546 (ab,

303 545 308 618 ᾗ
334 547 481 618 ‚Econtris
491 546 662 620 iidcmuon
673 561 816 616 tenentur
828 542 1005 636 legibusloc
1038 543 1107 612 ibus
1118 558 1148 611 et
1158 543 1323 638 particula-

294 643 381 713 ribus
392 644 438 731 (b)
448 643 568 738 proprii
575 641 726 712 territorii
747 645 843 734 'equo
853 640 981 723 absunt,
998 637 1060 707 nisi
1080 639 1182 708 absint
1193 639 1227 706 in
1239 639 1323 708 irau-

296 739 380 822 dem,
391 740 443 808 vel
454 739 514 808 nisi
523 739 646 807 fictione
653 737 733 828 juris
742 740 910 832 praesentes
921 730 1113 828 reputentur]
1131 734 1322 828 Quiejrous

286 833 419 924 ueneni
437 833 643 922 patrocinari
663 835 769 912 debet,
784 847 814 900 et
830 831 1058 925 quiaproesens
1081 831 1201 898 alicubi
1223 830 1324 899 delin-

296 952 449 1024 qucnsquc
462 941 629 1018 reputatur
638 931 693 1025 qui
701 931 746 998 ibi
766 927 928 1023 conserit
942 928 1027 1021 quod
1046 929 1229 1008 sleitheim
1246 927 1323 998 fecit

294 1025 700 1118 mmmm.
1023 1041 1162 1050 ·’
1282 1025 1284 1030 ’

335 1119 441 1188 Aliter
452 1135 499 1188 est
516 1120 556 1187 dc
569 1119 690 1211 legibus
709 1119 914 1213 preceptisrc
925 1114 1161 1212 personalibus·‚'
1170 1115 1213 1186 de
1233 1114 1324 1209 lege,

256 1233 259 1240 '
293 1219 327 1282 r.
345 1239 400 1305 g.‚
416 1214 513 1282 officii
528 1214 626 1283 divini
640 1215 804 1284 recitandi.
1241 1275 1244 1284 .

325 1309 440 1378 Aliter
451 1308 553 1378 adbuc
568 1310 608 1378 de
641 1311 782 1404 receptis
795 1307 948 1378 Ecclesiae
966 1307 1178 1400 generalibus,
1191 1305 1253 1376 nisi
1267 1305 1322 1376 ali·

295 1399 367 1470 cubi
382 1430 419 1472 ex
432 1430 491 1472 usu
499 1337 682 1512 particheri
690 1430 752 1471 non
765 1404 903 1495 rigescit.

323 1499 403 1579 VScd
414 1499 551 1568 vicissim
562 1500 632 1593 qui,
650 1498 767 1568 habens
783 1498 977 1567 domicilium
990 1499 1024 1566 in
1042 1495 1217 1581 illisionis,
1235 1499 1325 1566 extri

291 1594 526 1686 peregrinatur,
540 1595 707 1689 privilegio
720 1596 769 1664 sui
779 1595 841 1664 loci
854 1595 901 1663 uti
915 1595 1035 1688 nequit.

293 1823 302 1847 k„
324 1771 361 1845 (o)
373 1782 455 1832 sicli.
465 1781 623 1842 Augustinus.
634 1781 674 1830 Sic
683 1781 823 1832 resturatio
831 1782 932 1832 ebusus.
941 1782 1012 1831 Multi
1028 1783 1111 1831 temen
1120 1781 1231 1832 doctores
1240 1780 1271 1831 de
1281 1781 1324 1831 ad·

293 1853 364 1900 venis
371 1851 517 1912 simpliciter
527 1851 712 1899 transeuntibus
723 1853 829 1912 negant,
838 1851 951 1912 quamvis
959 1853 997 1900 sat
1008 1854 1190 1900 commorentur
1202 1855 1228 1900 in
1240 1853 1323 1913 aliquo

293 1921 360 1980 loco,
369 1921 398 1983 nt
409 1921 489 1980 legem
500 1921 569 1968 illius
577 1920 752 1980 particularem
762 1921 866 1980 implere
877 1921 984 1980 possint3
1001 1921 1050 1967 nisi
1065 1919 1120 1967 earn
1138 1933 1187 1968 non
1198 1921 1325 1982 implendo

293 1989 435 2036 scandalum
446 1989 594 2036 damnumve
603 1989 647 2036 aut
657 1990 870 2050 perturbationem
885 1989 991 2049 parient.
1010 1988 1058 2036 Sed
1068 1989 1147 2036 tutior
1152 1987 1224 2040 certi
1229 1992 1256 2041 et
1265 2005 1323 2056 pro-

291 2059 398 2111 babilior
407 2057 585 2116 stctsententie
594 2057 730 2117 contrarie,
741 2059 770 2106 nt
780 2070 835 2106 eam
845 2071 889 2118 pro
898 2058 1021 2118 principio
1032 2058 1175 2108 statuerem.
1270 2113 1273 2119 r

323 2121 359 2190 (b)
368 2120 534 2174 Nihilominus
551 2127 595 2186 qui
614 2125 739 2185 emunim
749 2123 763 2175 ie
774 2127 874 2188 proprio
884 2127 1010 2175 territorio
1020 2127 1047 2174 in
1060 2139 1109 2187 quo
1120 2127 1211 2180 testum
1221 2132 1273 2193 cst,
1284 2133 1323 2182 te.

291 2197 366 2246 netur
373 2191 430 2244 anti
441 2196 577 2244 discessum
586 2195 685 2245 missam
695 2197 796 2257 audire,
805 2199 826 2245 si
835 2197 969 2258 prevideat
979 2197 1177 2246 nonuuditurum
1185 2201 1255 2261 alibi,
1264 2204 1323 2263 quie

291 2268 334 2314 lex
344 2265 403 2312 actu
413 2264 537 2323 obligans,
547 2266 605 2312 actu
616 2265 715 2326 impleri
734 2267 818 2316 debet.
830 2268 951 2328 Obligatio
968 2267 1049 2326 enim,
1060 2267 1089 2314 ut
1107 2268 1189 2329 aiunt,
1198 2273 1324 2324 antecedit

292 2334 374 2382 omniu
387 2333 565 2392 impedimenta
585 2333 638 2383 sire
652 2337 811 2397 immansio,
829 2338 898 2398 sive,
918 2338 1025 2400 excepto
1042 2337 1231 2399 disponsationis
1250 2355 1323 2404 omn,

292 2397 391 2451 omnini
412 2401 553 2449 liberantis.

321 2471 347 2517 Si
358 2465 417 2518 verb
427 2469 474 2518 istc
485 2465 499 2517 ὲ
510 2483 554 2518 suo
564 2470 618 2520 loco
628 2471 756 2532 egrediens
763 2483 814 2520 non
823 2471 901 2533 possit
910 2467 968 2520 anti
979 2471 1115 2520 discessum
1125 2474 1226 2524 missum
1236 2476 1330 2538 sudbe,

291 2538 376 2586 stando
395 2538 538 2598 principiis,
549 2553 605 2588 eam
623 2542 686 2589 stibi
696 2541 782 2588 audire
791 2554 840 2590 non
858 2541 994 2589 tenebitur.
1006 2541 1055 2588 Sed
1065 2537 1149 2589 contri
1165 2545 1203 2591 est
1211 2545 1323 2597 fidelium

292 2607 385 2667 praxis.
396 2606 436 2654 Sic
445 2607 525 2658 incola
535 2609 641 2668 alicuius
651 2610 720 2658 urbis
730 2611 775 2658 ubi
786 2611 870 2658 multu
879 2611 936 2664 suut
945 2610 1077 2669 parocbiae,
1085 2610 1118 2656 ab
1127 2611 1254 2662 auditione
1264 2617 1323 2664 mis-

292 2677 362 2725 ere-in
372 2677 453 2724 aliena
461 2677 578 2737 parochia
586 2692 635 2727 non
645 2681 766 2727 eximitur
777 2679 818 2726 die
829 2677 891 2727 testo
910 2678 1033 2738 parochiae
1048 2690 1098 2725 suco
1109 2682 1223 2742 proprio,
1235 2683 1256 2729 si
1267 2695 1322 2734 eam

292 2747 319 2792 iu
330 2745 373 2792 ilia
390 2745 475 2792 audire
492 2748 615 2806 nequivit.
626 2745 732 2808 Aliunde
740 2748 824 2807 magis
832 2747 932 2795 tenetur
951 2746 1031 2794 incola
1040 2749 1085 2808 qui
1097 2743 1110 2794 ὲ
1120 2761 1164 2795 suo
1172 2749 1322 2801 locoesdem

292 2813 332 2860 die
341 2811 446 2870 ,vaditis
461 2813 552 2872 elium,
563 2809 638 2873 quim
647 2815 729 2864 vietor
738 2816 782 2876 qui
800 2815 890 2864 truisit
899 2827 945 2876 per
958 2813 1068 2876 aliquem
1083 2816 1166 2864 locum
1176 2818 1221 2866 ubi
1231 2819 1323 2870 testum

292 2883 339 2930 est.
349 2883 397 2930 iste
418 2883 485 2995 emin
494 2883 603 2932 nonnisi
619 2881 820 2934 transitoridloci
838 2885 921 2946 iilius3
932 2886 972 2933 sui
986 2881 1046 2934 verb
1062 2885 1117 2946 lego
1135 2891 1309 2947 perseverante

291 2951 392 2998 tenetur
402 2949 458 2997 inco
469 2962 492 2996 a.
1308 2969 1311 2976 ·

321 3017 347 3064 Si
360 3018 444 3064 temen
460 3018 504 3065 ille
520 3019 601 3068 incole
615 3019 717 3070 missum
726 3020 863 3074 audivisset
881 3021 908 3070 in
918 3021 973 3070 loco
983 3035 1042 3082 suo,
1053 3023 1098 3070 ubi
1108 3022 1199 3070 testum
1209 3028 1324 3085 nonest,

291 3097 342 3133 non
352 3084 480 3134 teneretur
493 3087 563 3135 illam
579 3085 672 3136 iterim
688 3089 775 3135 audire
787 3089 924 3137 adveniens
939 3091 1059 3138 inlocum
1073 3089 1117 3136 ubi
1133 3088 1225 3139 testum
1245 3090 1322 3153 toret,

292 3154 352 3216 qnia
361 3154 481 3222 satisfecit
494 3157 617 3222 preeeepto
626 3157 701 3213 hujus
711 3156 771 3203 diei.

323 3216 427 3271 itesolve'
440 3237 447 3270 ε
459 3223 664 3284 quijentocuium
673 3224 779 3282 sumpsit
788 3221 815 3270 in
824 3223 878 3272 loco
889 3235 933 3272 suo
943 3222 988 3270 ubi
998 3235 1049 3271 non
1059 3223 1097 3272 est
1105 3223 1230 3282 iejmsium
1240 3229 1322 3289 potest

292 3292 413 3351 prandere
424 3292 451 3338 in
460 3292 514 3338 loco
522 3291 566 3337 ubi
575 3288 700 3348 jejunium
711 3292 758 3340 est.

323 3359 372 3425 Sed
385 3355 399 3406 ὲ
411 3353 495 3418 contri
508 3353 662 3416 probabilius
672 3371 722 3406 non
738 3359 819 3418 potest
829 3359 910 3408 iturus
921 3355 935 3410 b
946 3359 1000 3408 loco
1010 3373 1069 3421 suo,
1077 3361 1122 3410 ubi
1138 3361 1284 3429 ieiunatur,
1294 3368 1322 3418 in

292 3429 471 3486 neumisque
485 3437 535 3472 non
548 3426 690 3488 ieiunetur,
701 3425 759 3476 ante
777 3429 916 3476 discessum
930 3429 1043 3492 tentare,
1055 3431 1081 3481 tc
1093 3428 1111 3481 t
1129 3433 1225 3486 tortiori
1236 3451 1322 3488 carnes

293 3497 451 3558 edere3quia
464 3495 508 3542 tex
518 3495 610 3564 jejunit
625 3509 684 3546 eum
700 3498 781 3547 adbuc
793 3499 900 3560 obliget,
917 3513 962 3548 sen
978 3513 1008 3548 ea
1021 3499 1130 3554 nondirm
1143 3506 1274 3560 liberetur.
1285 3511 1324 3558 lte

293 3565 383 3627 (tollet,
399 3565 426 3614 P.
436 3556 535 3612 Gabriel
552 3567 609 3615 Ant.
618 3565 646 3614 P.
663 3567 767 3614 'ihomas
781 3563 865 3617 contri
875 3569 936 3616 elios
951 3571 995 3632 qui
1011 3573 1196 3636 legemjeiunii
1210 3581 1238 3628 ut
1256 3577 1321 3626 indi-

293 3635 394 3684 viduum
406 3631 587 3696 bebent'qnobd
596 3637 696 3685 unicam
704 3637 878 3698 reiectionem,
887 3639 912 3687 et
921 3647 1099 3702 consequenter
1107 3647 1253 3707 permittunt
1261 3647 1319 3694 tunc

291 3703 460 3764 jentaculum,
471 3705 530 3765 quie
547 3701 628 3766 quobd
637 3707 737 3754 unicam
751 3707 917 3757 reiectionem
926 3711 1066 3772 lexlejunii
1077 3716 1124 3765 hio
1133 3717 1174 3764 die
1192 3727 1240 3764 non
1256 3715 1320 3763 obii-

294 3771 363 3830 gabit
373 3771 438 3836 [623‚
445 3787 461 3822 s
468 3772 488 3836 ].
499 3776 551 3821 Non
561 3776 709 3834 permittunt
719 3779 803 3824 temen
810 3777 906 3835 jentere
918 3784 1222 3846 cumomnibus,quietex
1229 3781 1321 3842 jejunii

294 3844 392 3890 nonest
405 3838 606 3902 quoidcamtum
623 3844 816 3903 prohibitionem
826 3845 968 3911 individuo,
979 3853 1023 3899 sed
1040 3853 1138 3916 impleri
1152 3851 1226 3904 debet
1240 3848 1322 3917 quoird

295 3907 404 3968 partem,
415 3909 436 3957 si
446 3909 566 3970 implendi
575 3921 629 3962 eum
641 3909 724 3974 quoio
732 3916 811 3965 totum
825 3917 874 3966 non
884 3919 917 3969 sit
926 3922 1050 3980 obligatio.
