2948 4676
500 365 842 428 'nucnnursrrrn
1148 356 1199 440 35

162 458 273 557 parient
288 454 452 542 humiles,
459 453 594 541 otium,
613 460 844 544 inobedientes,
862 457 946 544 irae,
958 456 1054 547 rixis,
1070 464 1195 554 judiciis
1298 554 1299 557 Ἴ

163 557 353 640 temerariis,
367 555 627 650 detractionibus,
644 557 700 641 etsi
713 558 886 628 inrnoterid
895 559 973 642 levi,
989 577 1141 631 assuctus

202 654 290 720 Beni
301 655 385 742 ,verb
402 647 674 720 fidelibusnuliunr
689 654 729 722 ad
744 655 878 722 venialia
896 657 1044 724 affectum
1056 655 1198 728 habenti·

161 749 237 830 bus,
252 747 321 842 pius
334 747 493 838 minusr'e,
507 744 537 816 r'r.
555 755 608 840 μς,
625 749 963 844 qudlibet'scptimand.
1054 755 1058 764 ’

205 845 269 912 Sed
283 844 323 911 ad
334 835 547 934 quotidianam
558 843 805 914 communionem
817 847 985 940 requiritur
1001 849 1114 918 ardens
1125 871 1196 944 per*

161 937 303 1006 fectionis
330 939 520 1013 desiderium
548 928 632 1008 etde
653 941 795 1008 omnibus
822 935 889 1010 sere
915 941 1006 1010 malis
1031 945 1195 1014 affectibus

163 1033 307 1101 victoria.
626 1063 630 1071 ·
1017 1086 1020 1090 ι
1087 1037 1089 1041 ’

203 1127 289 1196 Nota
303 1157 310 1194 ι
325 1127 412 1218 aliae,
425 1143 538 1221 praeter
549 1145 662 1198 statum
680 1130 805 1222 gratiae,
822 1125 862 1198 ad
873 1131 1121 1202 communionem
1132 1133 1194 1202 dis-

162 1223 327 1317 positiones
338 1240 409 1292 sunt
420 1225 496 1292 fides
509 1221 616 1306 firma,
629 1252 698 1319 spes
713 1227 810 1308 bona,
823 1227 943 1294 sincera
957 1227 1085 1296 intentio
1097 1229 1194 1298 hono·

164 1319 206 1386 ris
220 1319 282 1386 Dei
295 1334 327 1387 et
341 1320 388 1386 sui
404 1320 500 1412 ipsius
511 1321 671 1404 utilitatis,
688 1323 786 1391 effusa
800 1324 833 1389 in
846 1324 951 1390 Deum
970 1341 1001 1392 'et
1015 1325 1194 1418 proximum

163 1413 318 1497 charitas,
345 1415 519 1508 ardensque
538 1405 701 1485 Christum
722 1413 909 1515 suscipiendi
927 1419 1118 1486 desiderium
1127 1421 1190 1506 (a).

195 1587 232 1651 (ιι)
244 1589 287 1648 nt,
300 1577 464 1650 intimares
474 1591 585 1650 autores,
604 1584 708 1640 acutulis
719 1591 816 1640 dovotio
825 1593 851 1641 ct
863 1593 957 1653 semor,
965 1592 986 1641 si
997 1605 1046 1643 rron
1057 1607 1090 1644 ex
1100 1607 1190 1644 neccs-

163 1657 252 1717 citatc,
265 1659 352 1706 saltem
365 1661 395 1706 ad
411 1661 518 1708 fructum
532 1663 673 1709 uberiorem
685 1659 879 1722 percipiendum,
891 1663 939 1710 Sed
949 1665 1120 1729 muliinegant
1136 1673 1191 1732 essu

163 1727 216 1774 haec
224 1728 254 1774 ad
265 1730 422 1794 ammentum
436 1731 519 1788 gratie
530 1731 662 1778 habitualis
670 1732 816 1796 necessaria.
827 1729 912 1780 Solirm
923 1733 969 1780 hoc
979 1735 1059 1792 majus
1070 1747 1191 1794 acumen·

163 1799 230 1858 tum,
242 1797 394 1859 majoresque
403 1799 446 1846 ulii
457 1799 550 1848 fructus
564 1801 759 1861 percipimur.-
798 1837 800 1839 -

520 1903 524 1916 i
615 1902 731 1922 ιρι-ι’.

204 1956 253 2042 57.
264 1951 315 2020 De
327 1950 707 2047 eucharistidparticipare
715 1969 877 2023 censentur
888 1947 942 2048 qni
955 1982 1023 2026 earn
1030 1949 1176 2028 anbelant

162 2039 336 2139 habentque
351 2042 492 2116 sumendi
503 2075 561 2142 pro
585 2049 709 2117 ositum.
900 2100 904 2106 -
1167 2079 1168 2082 ¹

204 2143 308 2236 Atque
322 2141 390 2210 haec
412 2159 475 2226 est,
502 2171 540 2212 ex
561 2075 773 2228 ii'ridentino,
799 2145 969 2238 spiritualis
994 2147 1189 2236 communio,

162 2237 291 2304 multum
304 2240 477 2320 suadenda,
494 2255 524 2307 et
538 2240 570 2306 in
584 2241 667 2306 omni
682 2239 751 2307 loco
765 2255 795 2308 ct
809 2256 965 2334 tempore,
988 2241 1044 2310 sed
1062 2243 1191 2336 praescr*

162 2333 219 2400 tim
232 2333 265 2398 in
277 2331 434 2416 Ecclesia,
446 2350 477 2402 et
488 2335 563 2402 dum
573 2359 662 2404 sacra
675 2335 886 2417 celebrantur,
902 2337 1073 2430 possibilis.

161 2453 165 2460 ·
202 2427 286 2494 Huic
303 2429 528 2512 communioni,
544 2430 637 2514 fidei,
656 2431 866 2514 contritionis,
881 2431 1084 2516 humilitatis,
1100 2423 1190 2503 desi·

162 2521 242 2592 derii
255 2521 376 2590 unionis
391 2549 462 2591 cunr
475 2523 603 2593 Christo
613 2527 841 2620 praemittuntur
855 2542 951 2596 actus.

545 2815 809 2896 nrrnnurx

445 2997 483 3030 ΙΙΙ
496 2996 691 3033 001111111θηὶ
705 2995 901 3029 ΙΠΙΙΙΟΙΠΙ.

203 3119 254 3190 58.
271 3120 325 3192 Ex
344 3123 478 3196 Mcaeno
502 3141 533 3196 et
553 3125 699 3220 vpluribus
717 3123 787 3195 aliis
808 3123 948 3195 conciliis
970 3117 1189 3207 eucharistiam

161 3218 353 3287 moribundis
367 3219 489 3290 deferre
500 3221 748 3316 praecipientibus
759 3273 768 3302 ,
780 3221 1029 3315 maximeque'ex
1039 3222 1189 3290 constanti

161 3311 312 3381 Ecclesiae
325 3317 433 3408 praxi,
448 3317 610 3384 deducitur
622 3316 986 3406 communiterobligatio
998 3316 1078 3405 juris
1089 3316 1188 3410 divini

160 3421 192 3475 et
203 3407 400 3478 ecclesiastici
411 3411 498 3478 illam
511 3427 583 3478 tunc
621 3409 723 3478 utendi
735 3425 765 3478 et
775 3410 945 3504 accipiendi
957 3413 1020 3498 (ιι).
1162 3471 1165 3476 .

200 3501 268 3570 Illis
279 3519 383 3572 autern
396 3532 455 3599 pro
466 3506 578 3574 viatico
592 3437 694 3574 danda
708 3503 762 3598 qui
772 3505 942 3598 periculosi
959 3521 1108 3597 aegrotant
1119 3506 1187 3592 (b),

159 3597 1189 3692 'nisiobtussimassiduam,vomitdspcriculcrm‚autaliudobstacu-

160 3691 243 3777 lum,
259 3693 364 3788 aliqua
375 3700 451 3788 erga
463 3696 526 3764 SS.
544 3711 773 3765 sacramentum
788 3694 963 3762 indecentia
976 3693 1185 3783 timeatur(c).

160 3787 235 3876 Quo
261 3789 297 3856 in
325 3815 398 3858 casu
423 3792 471 3870 ad,
489 3792 736 3875 communionem
750 3788 942 3884 spiritualem
966 3787 1134 3874 invitandi,
1156 3807 1188 3866 et

160 3883 338 3956 consolandi
354 3909 411 3981 per
425 3886 521 3958 verba
533 3887 700 3985 Augustini
719 3885 839 3956 :Crede
849 3894 879 3954 et
889 3883 1049 3971 ucceprlrtr't
1083 3974 1099 4026 3
