2932 4658
346 314 349 324 '
488 309 491 314 ¹
540 309 800 373 'uncntout

572 489 743 554 SECTlO
767 492 793 551 1.
887 552 889 560 ,

485 658 522 708 Do
537 659 638 720 peccato
651 651 735 708 coniri
751 655 874 706 neuram,

212 798 386 875 Pnoceron
400 801 475 884 hoe,
490 803 535 871 sic
546 802 675 883 dictum,
690 801 764 894 quia
779 815 824 868 est
836 799 940 868 contri
950 799 1089 870 linemad
1100 825 1192 895 quem

169 903 305 970 semetra
329 899 439 966 naturl
452 895 642 978 destinatur,
671 895 816 988 quodque
827 895 950 986 gravius
966 896 1083 963 caeteris
1100 897 1190 964 estin

169 995 286 1063 ratione
294 992 431 1076 lurruriae·⁸
446 992 502 1058 sed
513 994 592 1068 saene
604 990 700 1058 levius
708 991 742 1057 in
753 990 871 1058 ratione
883 990 1189 1072 circumstantiarum,

167 1087 297 1182 triplicis
311 1087 414 1154 adhdc
429 1085 542 1180 speciei
556 1101 601 1154 est
614 1086 813 1170 subalternae,
843 1085 973 1180 pollutio
984 1089 1110 1180 nempe,
1135 1111 1189 1158 s0-.

168 1183 273 1252 ‹lomia
287 1198 318 1252 et
331 1180 517 1250 bestialitas.

559 1315 803 1399 arciuusest.

389 1457 392 1462 r
476 1563 478 1567 ,
575 1498 613 1547 lie
632 1497 778 1558 pollutione.

207 1642 281 1711 361.
295 1639 456 1710 Pommro
470 1654 516 1728 est
529 1639 701 1708 voluntaria
713 1639 841 1710 seminis
855 1637 979 1708 emissio
993 1638 1080 1726 extri
1095 1663 1188 1734 copu-

164 1732 229 1802 lam
249 1735 486 1826 quamcumque.

203 1827 339 1896 Differet
352 1831 372 1895 al
386 1827 602 1910 distillatione,
632 1851 700 1919 quae
724 1839 769 1893 est
782 1823 907 1894 alterius
920 1824 1058 1903 hunroris
1082 1851 1189 1896 semen

164 1921 354 2004 comitantis,
368 1937 421 1989 aut
433 1923 473 1990 alr
488 1947 524 1989 eo
538 1919 693 2015 separati,
716 1918 792 1988 levis
807 1935 837 1987 et
851 1919 939 2012 quasi
952 1925 1095 2010 guttatim
1105 1921 1186 1990 facta

164 2014 288 2084 effusio.
984 2068 988 2076 .

204 2107 343 2175 Pollutio
356 2123 386 2176 et
395 2103 555 2175 distillatio
567 2119 791 2195 cognoscuntur
805 2131 843 2173 ex
855 2103 916 2171 hoc
930 2105 1013 2198 qudd
1024 2129 1129 2172 semen
1139 2131 1186 2173 on

159 2201 284 2270 ,dinariis
298 2228 368 2269 cum
381 2200 555 2269 vehementi
569 2199 787 2282 delectatione,
804 2199 964 2293 carnisque
980 2201 1185 2269 commotione

163 2299 276 2388 magud
290 2295 456 2386 ejaculetur
469 2295 502 2361 in
515 2295 683 2389 pollutione
696 2327 706 2374 s
731 2295 891 2364 distillatio
906 2298 1008 2363 autem
1019 2321 1089 2362 cum
1101 2295 1185 2364 nulli

164 2406 215 2460 aut
228 2391 327 2458 solim
340 2391 438 2485 pared
451 2389 654 2458 commotione
670 2405 699 2458 et
713 2389 914 2459 delectatione
928 2391 981 2456 fiat
996 2392 1057 2475 (a).
1206 2469 1208 2476 Α

203 2484 429 2572 Pollutionem‚
447 2485 539 2554 etiam
552 2484 662 2552 mortis
677 2484 811 2554 vitandae
824 2487 930 2570 causi,
947 2485 1063 2554 directe
1076 2510 1185 2580 procu·

161 2604 251 2662 rare,
267 2605 387 2675 semper
400 2580 534 2671 graviter
549 2579 690 2648 illicimm
702 2583 769 2665 (ὣς

202 2671 369 2741 Peccatum
383 2699 437 2765 per
453 2697 485 2739 sc
499 2673 624 2762 gravius
637 2672 841 2742 fornicatione
854 2703 862 2752 ς

203 2764 359 2847 Gravius,
378 2768 405 2832 si
419 2765 520 2832 alieni
532 2790 642 2841 manu;

203 2857 329 2950 Species
353 2857 454 2926 varias
473 2883 594 2926 sumens
619 2883 656 2926 ex
681 2857 828 2950 qualitate
841 2858 892 2926 vel
905 2881 1043 2952 personae
1062 2881 1096 2927 se
1117 2861 1182 2954 pol-
1267 2882 1268 2887 ’
1368 2913 1377 2966 .'
1446 2951 1450 2967 1

161 2951 271 3020 luentis
286 2967 338 3020 aut
351 2951 541 3040 adjuvantis;
567 2952 617 3020 vel
631 2952 826 3020 instrumenti
841 2979 902 3046 quo
919 2969 1102 3048 procuratur
1115 2955 1181 3050 pol-

160 3046 253 3129 lutio,
268 3045 318 3114 vel
334 3072 471 3137 persone
481 3062 534 3113 aut
548 3046 661 3138 objecti
675 3047 799 3136 cogitati
812 3048 858 3134 lc)
877 3050 942 3135 (d).

182 3142 428 3322 ἓῗροὲωιίἳηο
440 3142 633 3238 motibusque
644 3141 816 3212 carnalibus
827 3143 975 3214 indirecte
988 3145 1179 3240 procuratis,

161 3263 191 3305 vr
216 3263 232 3305 e
262 3267 295 3328 17
325 3261 366 3321 ,e
393 3287 403 3305 .

191 3413 227 3478 (o)
239 3417 266 3462 ln
277 3415 383 3464 foeminis
390 3419 486 3466 nullum
494 3415 592 3480 proprie
603 3419 698 3468 dietum
710 3431 795 3468 semen
802 3419 901 3481 vident,
912 3432 978 3470 nune
992 3421 1080 3470 saltem
1090 3422 1127 3470 set
1136 3434 1180 3482 ee·

160 3485 278 3533 nereliter
288 3485 377 3531 medici
388 3487 413 3532 in
424 3488 525 3536 humore
535 3490 578 3549 qui
588 3489 619 3536 ad
629 3485 692 3536 intr'a
703 3489 744 3536 vel
755 3485 825 3537 extra
836 3491 862 3537 in
871 3491 908 3538 eis
919 3491 1065 3550 effunditur3
1075 3492 1100 3538 et
1110 3492 1180 3540 tlreo·

160 3553 209 3612 legi
220 3554 257 3600 sat
266 3552 415 3610 unanimiter
424 3554 509 3603 dicunt
518 3569 602 3605 semen
613 3557 675 3604 illud
686 3555 819 3616 improprie
837 3559 931 3606 dietum
941 3571 990 3606 non
1000 3571 1053 3606 esse
1064 3558 1094 3605 ed
1104 3571 1179 3617 qene-

159 3620 279 3668 rationem
289 3621 460 3668 necessarium.
468 3624 567 3686 ,llumor
577 3625 620 3672 ille
631 3638 662 3672 ex
673 3626 794 3684 glandulis
804 3627 908 3672 internis
917 3636 1030 3684 manens,
1041 3628 1122 3686 potest
1131 3629 1180 3675 ali·

159 3683 281 3804 quatenus
289 3690 531 3806 miqqrqualrithumori
541 3693 585 3753 qul
599 3693 630 3750 ein
639 3694 699 3744 viris
709 3704 794 3742 semen
804 3689 935 3742 comitetur
945 3689 975 3743 et*
984 3695 1029 3756 qui
1047 3695 1177 3764 aliquandi)

182 3769 315 3805 nesermne
357 3771 387 3804 sr
407 3771 441 3806 a.

190 3825 314 3890 Quidquid
324 3827 369 3877 sit:
375 3827 475 3890 pollute
484 3832 658 3892 cognoscuntur
668 3827 844 3914 loemimejclrm
851 3831 984 3886 etlemrim
991 3830 1040 3886 ulli
1050 3832 1178 3895 titutione,
