2984 4666
281 289 350 364 aoa
559 309 611 361 nn
631 308 767 364 naimo
787 307 1019 362 ermenero

280 397 503 462 invitissimus,
519 395 589 458 qnasi
599 395 788 458 desperabundi.
798 391 844 446 irre
862 391 920 446 sane
940 408 947 444 r
966 393 1122 446 emuoioouai
1132 397 1299 458 pusillanimes.

309 471 370 519 Nota
381 482 388 516 a
400 467 447 528 Qui
456 461 514 515 rere
525 465 666 526 desperasse
675 465 853 524 cognoscuntur
862 461 920 510 sunt
929 457 1034 511 arteriis
1045 462 1299 526 interrogandtmuim,
1382 461 1385 464 ’
1396 460 1398 465 ’

280 552 306 590 v.
314 551 354 599 a,
364 537 469 586 mortem
478 534 527 584 sibi
537 534 595 584 dare
603 533 747 594 statuerint,
756 533 822 596 quoi
831 528 894 596 sape
905 531 994 594 instet
1002 528 1063 584 nint
1071 535 1175 596 amessi
1184 533 1234 586 sint
1241 548 1300 588 exe-

275 651 277 656 ,
297 609 323 656 ni
334 607 380 654 hoe
393 605 482 654 sceim.
876 651 878 656 ,
915 635 918 640 -
1272 601 1275 605 ’

278 623 345 737 11(ι)
356 676 386 722 V.
397 685 431 734 ι,
443 685 476 720 ex
493 669 601 720 eolaliei
619 668 796 720 misericordie.
812 669 883 718 'i'aies
896 665 1026 732 aliquando
1041 669 1084 732 qni
1104 667 1298 724 emendationem

280 741 457 806 procrastinant
464 736 542 801 usqne
552 739 584 788 ad
596 740 712 794 ultimum
722 771 730 797 ‚
739 739 888 798 peccataque
898 736 1005 800 pereatis
1016 731 1144 799 adjiciunt

310 809 487 860 Praesumentes
494 808 658 868 inemori
667 801 787 856 sumnum
795 805 1015 856 ohiieibonitaienr
1025 807 1057 856 ad
1064 809 1192 869 peceatum
1203 808 1299 862 aeeeast

281 880 387 942 inerint,
396 873 532 939 presertim
542 888 571 924 eo
581 875 684 924 instanti
700 889 749 938 quo
763 873 827 927 iilud
845 875 1042 938 committebant,
1057 871 1118 928 nim
1128 891 1160 930 ex
1170 880 1261 931 motivo
1271 893 1298 930 sa

281 945 475 998 convertenditn
489 943 619 994 finevitaet
990 999 993 1006 ¹
1130 969 1135 979 .

744 1035 854 1049 —

325 1130 398 1198 ²29·
418 1103 674 1195 iussumque,
695 1099 805 1172 saitem
818 1100 985 1186 indirecte,
1003 1103 1071 1198 spei
1085 1119 1298 1200 opponantur,

196 1238 200 1244 ·
281 1207 387 1298 utpote
398 1199 554 1272 desiderio
563 1198 666 1270 Deum
678 1196 858 1291 possidendi
868 1197 1072 1270 adversantia.
1088 1199 1212 1285 ,Taliaz
1262 1267 1265 1272 .

323 1297 442 1388 Magna
459 1293 565 1362 salutis
583 1291 722 1369 incuria;

322 1390 502 1484 inordinata
513 1387 644 1458 terrenis
658 1385 781 1470 affectio
794 1419 803 1471 i

322 1484 523 1556 Desiderium
541 1481 773 1553 annihilationis
795 1507 833 1550 ex
855 1481 953 1552 nimio
974 1480 1177 1556 damnationis
1189 1500 1298 1572 metus,

283 1581 515 1674 diffidentiaque
536 1580 576 1650 de
588 1577 651 1646 Dei
663 1577 765 1668 gratis
777 1576 1048 1670 etmisericordii.

289 1745 292 1748 .
320 1675 406 1748 -Item
419 1675 497 1746 velle
509 1700 572 1742 non
584 1673 732 1756 existere,
749 1689 803 1742 aut
815 1673 945 1744 terronis
962 1699 1083 1769 sempor
1096 1669 1171 1746 srui.

324 1773 404 1862 Quae
418 1769 521 1838 omnia
533 1783 603 1838 suni
615 1790 781 1860 exgenere
792 1791 847 1838 suo
862 1784 892 1838 et
904 1772 985 1863 saepi
998 1779 1064 1840 toto
1076 1763 1232 1842 mortalia.

325 1867 406 1960 Spes
420 1881 523 1934 tamen
533 1889 596 1932 non
610 1863 744 1932 excludit
757 1857 919 1945 timorem,
939 1861 1013 1956 quin
1025 1863 1065 1930 ad
1080 1889 1147 1934 eam
1160 1861 1294 1959 pertinet

284 1961 376 2030 timor
391 1959 533 2044 servilis,
561 1959 655 2028 modo
667 1986 729 2028 non
742 1959 783 2026 sit
794 1957 946 2028 serviliter
958 1957 1098 2041 servilis,
1127 1984 1182 2028 seu
1200 1961 1294 2030 modo

285 2059 428 2127 affectum
448 2057 489 2126 ad
501 2071 660 2150 peceatum
674 2054 832 2142 excludat,
856 2051 928 2146 quia
941 2051 1019 2133 sieut
1032 2079 1087 2147 per
1101 2078 1189 2147 spem
1206 2051 1293 2123 desi-

285 2151 483 2224 deraturDei
496 2151 665 2245 possessio,
687 2150 731 2218 isa
743 2175 800 2242 per
817 2149 956 2226 earndern
970 2149 1156 2242 detestantur
1168 2165 1293 2244 peecata

284 2275 321 2318 ac
339 2272 439 2413 [ἕψω
453 2245 599 2339 gehennae
613 2247 652 2315 ob
668 2271 703 2314 oa
715 2243 911 2339 promeritae,
938 2248 1084 2338 quatenus
1098 2243 1208 2312 summi
1220 2243 1296 2316 boui

285 2369 340 2414 exe
387 2367 455 2412 1vae.

290 2513 1300 2550 ww,

659 2651 822 2714 CAPUT
840 2653 914 2712 111.

699 2831 733 2864 DE
744 2827 886 2864 ΟΠΑΙΠΛΤΕ.

325 2976 394 3040 230.
413 2969 576 3038 Cuaarms
598 2972 696 3040 virtus
710 2985 756 3040 est
768 2969 942 3062 theologica
960 2973 1020 3064 qua
1039 2969 1143 3039 Deum
1156 2981 1294 3039 aniamus

282 3089 374 3158 super
393 3063 496 3132 omnia
516 3079 643 3159 propter
658 3090 707 3148 se,
736 3091 809 3150 seu,
836 3082 871 3135 ut
891 3069 1005 3135 bonum
1018 3064 1051 3130 in
1065 3087 1097 3130 se
1113 3079 1142 3130 et
1155 3063 1293 3130 absolute

282 3173 472 3253 spectatum
493 3175 524 3227 ot
543 3159 718 3253 proximum
731 3159 809 3228 sicut
821 3159 1023 3251 nosmetipsos
1037 3171 1161 3250 propter
1176 3155 1291 3223 Deum.

282 3254 447 3326 Proximus
463 3253 543 3323 enim
558 3255 598 3322 ad
610 3253 714 3322 Deum
726 3255 875 3347 pertinet,
901 3278 962 3320 non
975 3267 1008 3317 ut
1021 3264 1161 3316 ereatura
1174 3249 1293 3334 sotum,

281 3351 336 3419 sed
349 3365 383 3419 ut
395 3348 477 3420 iiius
489 3347 650 3442 adoptivus
660 3375 715 3444 per
727 3349 875 3442 gratiam,
890 3345 1048 3438 haeresque
1060 3341 1296 3438 nobiscum-glo-

281 3471 346 3513 riae.
594 3481 596 3486 ·

321 3541 488 3651 Objectum
500 3536 576 3634 'ergit
585 3540 744 3612 materiate
755 3537 914 3608 eharitatis
928 3537 1136 3633 adaquatum,
1149 3537 1237 3606 Deus
1249 3551 1295 3602 est
1485 3507 1487 3518 Α

281 3652 310 3701 et
343 3661 489 3704 reximus.
1284 3695 1288 3703 ,

320 3662 466 3799 ioman
480 3732 574 3813 vero,
602 3753 656 3800 seu
668 3721 835 3814 motivum,
860 3729 928 3824 ipse
950 3730 1045 3800 etiam
1066 3729 1167 3808 Deus,
1195 3723 1228 3789 id
1250 3735 1295 3788 osi

280 3847 397 3892 summa
411 3825 507 3922 ipsius
516 3823 637 3896 bonitas
651 3824 787 3894 increata
800 3841 834 3896 ut
845 3841 890 3894 est
900 3825 932 3894 in
943 3852 976 3897 se
988 3841 1018 3897 et
1028 3835 1153 3920 propter
1171 3843 1204 3886 se
1215 3841 1296 3886 ama-
