2932 4658
414 324 417 334 '
505 361 517 372 ·’
563 341 801 401 uacanuor.
1124 323 1200 402 365

167 434 303 528 ‘fonsque
317 433 383 524 ejus
398 446 444 502 est
457 443 590 525 potestas
605 455 767 524 suprema,
782 453 868 523 quae,
886 427 920 502 in
937 455 1131 527 quocumque
1144 460 1201 526 gu·

172 529 282 604 bernio
296 529 399 600 alteo
413 543 477 610 est,
494 526 602 600 saltem
614 526 762 607 mediati.

213 626 273 696 Jus
298 623 494 720 proprietatis
519 638 565 694 est
585 621 717 693 facultas
739 619 881 713 legitime
902 620 1087 718 disponendi
1095 625 1138 698 tle
1147 650 1211 710 re,

170 721 222 791 vel
232 720 323 814 quasi
335 747 371 792 re
389 723 439 806 (ut
454 719 494 790 de
511 717 707 812 mancipio),
723 717 841 790 directb
862 717 896 791 iu
925 717 1090 792 utilitatem
1112 720 1200 794 illam

119 878 123 886 .
169 813 312 886 babentia
326 815 475 886 ordinata.

212 911 250 980 Si
259 911 387 982 facultas
401 909 467 980 haec
478 908 620 1004 proxima
633 908 674 980 sit
684 959 692 991 ,
703 931 758 978 seu
766 906 794 980 si
807 932 858 982 ret
867 908 933 998 jam
941 905 1103 994 habeatur,
1111 935 1201 984 roca·

170 1021 221 1074 tur
226 1011 283 1097 jus
299 1006 331 1072 in
354 1029 408 1085 re,
435 1005 524 1098 quod
540 1005 593 1072 dat
607 1003 771 1095 injudicio
793 1004 945 1072 actionem
966 1005 1081 1076 realem
1092 1059 1101 1090 ,
1112 1006 1201 1080 lacit·
1245 1011 1250 1026 '

169 1127 230 1196 que
243 1128 310 1172 rem
324 1101 423 1196 repeti
438 1127 529 1197 posse
565 1104 736 1194 ubcumque
747 1099 916 1170 transierit.
1006 1160 1009 1164 .

210 1197 247 1268 Si
274 1215 379 1268 autem
397 1197 529 1266 facultas
543 1127 626 1266 tlraee
649 1211 769 1266 remota
792 1195 850 1278 sit,
877 1195 972 1268 aeusi
989 1221 1039 1269 rat
1061 1197 1200 1268 nendiuu
1258 1249 1264 1253 -

168 1289 337 1375 habeatur,
351 1307 479 1362 vocatur
485 1293 596 1382 jasad
604 1315 689 1370 ron,
704 1317 760 1362 seu
771 1293 819 1383 jus
833 1306 868 1362 ut
878 1315 927 1362 res
943 1292 996 1363 fiat
1012 1317 1069 1362 sua
1086 1293 1200 1386 datque
1289 1354 1291 1358 .

167 1387 271 1455 sollum
297 1388 451 1458 actionem
474 1385 688 1483 personalem,
711 1411 766 1455 seu
785 1386 835 1476 jus
857 1388 1065 1482 prosequendi
1093 1405 1128 1464 ut
1149 1413 1199 1462 ret

167 1480 329 1553 habeatur.

121 1660 124 1665 Ι
209 1573 264 1640 Ad
288 1576 336 1665 jus
356 1573 391 1640 ιἰι
411 1597 447 1643 rc
460 1573 659 1668 requiruntur
681 1572 842 1648 existentia
852 1573 900 1644 rei
911 1573 1015 1648 solum
1031 1589 1064 1648 et
1074 1572 1198 1660 titulus,

168 1663 416 1756 sodaliquand‘o,
431 1692 487 1760 per
502 1665 730 1760 exceptionem,
741 1664 884 1738 traditio.
1000 1725 1002 1732 .

209 1759 264 1826 Ad
285 1757 335 1848 jus
350 1761 424 1828 verb
437 1761 484 1830 od
495 1783 562 1830 rem
576 1759 691 1830 sufficit
701 1759 784 1832 solus
798 1759 923 1830 titulus..
1029 1835 1031 1842 ,

208 1849 267 1922 Jus
279 1854 312 1920 in
327 1854 537 1948 realiquandb
549 1855 646 1948 {alege
656 1856 852 1950 restringitur
862 1854 912 1924 vel
928 1854 1031 1952 quoad
1042 1850 1197 1939 ualidrmr,

165 1946 218 2016 vel
231 1950 332 2042 quoad
346 1949 483 2031 licitum,
499 1967 605 2042 estque
804 1969 807 1976 ’

208 2042 273 2108 Vel
286 2042 462 2135 proprietas
475 2043 632 2134 perfecta,
648 2045 849 2133 clrmnemp‘e
864 2041 986 2134 disponi
1001 2056 1101 2133 potest
1115 2043 1199 2118 etde

166 2160 202 2206 re
211 2151 241 2204 et
252 2137 291 2205 de
304 2139 370 2227 ejus
380 2135 550 2214 fructibus,
562 2138 629 2205 sine
638 2136 704 2204 ullo
715 2135 873 2205 obstaculo
882 2137 1094 2229 proveniente,
1104 2163 1136 2205 r.
1148 2165 1196 2230 g.‚

167 2257 205 2301 ex
217 2229 408 2326 hypotheca,
430 2232 481 2300 vel
505 2258 541 2299 ex
555 2232 679 2302 defectu
692 2231 865 2328 personali,
885 2246 920 2300 ut
933 2232 960 2301 si
973 2232 1198 2328 proprietarius

165 2325 313 2396 inhabilis
326 2328 368 2396 sit
380 2327 421 2396 ad
436 2327 691 2398 contrabendum.

208 2423 280 2492 Vel'
296 2422 497 2518 imperfecta,
519 2429 591 2491 clam
613 2421 736 2520 disponi
758 2423 865 2516 nequit
884 2423 945 2492 nisi
971 2425 1011 2503 de
1027 2424 1198 2495 substantii

165 2518 242 2604 rei,
255 2534 286 2588 et
298 2535 370 2588 trmc
395 2519 448 2613 qui
471 2519 560 2587 illam
575 2518 669 2589 habet
684 2518 910 2612 proprietarius
926 2519 1122 2600 dicitur3=vel
1135 2520 1198 2590 nisi

166 2615 206 2684 de
220 2616 284 2706 ejus
299 2615 470 2699 fructibus,
485 2639 548 2708 quo
559 2640 632 2685 casu
647 2617 702 2708 qui
717 2615 805 2683 illam
819 2613 913 2684 habet
934 2614 1108 2708 appellatur
1122 2641 1198 2685 usa-
1260 2681 1270 2703 ,

165 2709 370 2793 fructuarius,
383 2727 461 2788 etc.;
477 2710 527 2778 vel
548 2711 673 2778 tandem
689 2714 762 2776 cbrn
775 2709 998 2806 proprietarius
1012 2707 1116 2804 aliquo
1129 2710 1198 2782 vin·

167 2803 357 2896 euloligatur
367 2819 419 2872 aut
427 2807 491 2896 ejus
502 2803 675 2898 proprietas
684 2802 787 2900 aliquo
799 2827 891 2872 onere
900 2819 1058 2898 gravatur,
1067 2807 1194 2892 etc.(a).
1287 2887 1292 2894 ζ
1390 2792 1394 2802 ¹

208 2899 267 2967 Jus
278 2900 409 2967 mixtum
419 2913 466 2968 c‘st
478 2915 614 2994 potestas
626 2898 811 2994 disponendi
822 2901 862 2968 (le
872 2927 907 2969 re
919 2899 969 2969 vel
979 2901 1118 2994 personis
1128 2907 1197 2978 tum

166 2991 200 3062 in
213 3019 334 3078 earum,
350 3000 417 3064 tum
431 2994 526 3089 injus
540 2995 683 3066 habentis
696 2995 880 3076 utilitatem,
898 3013 1003 3090 estque
1016 3013 1195 3091 paternum,

167 3091 388 3161 oeconomicum
402 3091 452 3160 vel
464 3091 582 3175 herile,
597 3097 690 3186 proiit
703 3093 796 3160 datur
810 3093 890 3160 inter
906 3109 1026 3196 patrem
1041 3110 1070 3162 et
1081 3095 1194 3176 filium,

165 3187 313 3256 maritum
324 3204 510 3272 ermetem,
526 3189 686 3257 dominum
695 3205 725 3256 et
738 3213 862 3257 servum
871 3189 1028 3272 (esclave)
1039 3204 1195 3282 spectatos

167 3289 229 3380 quai
239 3285 333 3366 tales,
348 3309 401 3356 seu
412 3299 565 3379 spectatos
579 3289 673 3382 prout
686 3287 815 3358 subsunt
827 3285 946 3376 legibus
958 3284 1101 3380 quaedam
1113 3285 1196 3358 bona

167 3378 378 3448 ordinantibus
393 3383 480 3474 aeque
494 3379 612 3450 direct'e
624 3379 659 3449 in
672 3381 834 3475 utriusque
845 3379 1021 3454 utilitatem.

198 3565 233 3631 (o)
246 3563 313 3616 Circi
321 3569 400 3618 varias
409 3571 502 3630 species
511 3573 612 3620 dominii
622 3573 705 3632 utilis,
717 3585 745 3620 ac
761 3569 864 3632 proinde
875 3574 978 3624 dominii
991 3574 1079 3624 directi
1091 3575 1129 3623 iiii
1138 3588 1194 3628 cot-

166 3637 349 3698 respondentis,
360 3639 539 3688 usumfructum
546 3673 554 3700 ‚
562 3653 649 3701 usum,
660 3641 852 3701 habitationem,
864 3643 924 3702 ete,
933 3644 990 3696 ride
1001 3643 1104 3692 titulum
1112 3645 1137 3706 Β,
1147 3635 1193 3696 titi

165 3707 191 3767 2,
201 3707 257 3756 eorl.
267 3707 336 3756 civil.
347 3709 373 3756 ei
383 3704 446 3756 circ'a
457 3709 601 3769 servitutes,
608 3711 711 3760 titulum
720 3711 736 3757 t
746 3710 826 3770 ejusd.
836 3710 907 3764 iibn'o

617 3818 733 3836 Μ

209 3875 279 3940 388.
298 3878 330 3938 2⁰
351 3871 374 3940 J
376 3898 410 3940 us
420 3841 569 3944 dividitur
584 3873 617 3940 in
631 3873 738 3944 strictis
755 3873 873 3946 dictum
888 3890 917 3945 et
930 3873 991 3946 lut
1007 3873 1135 3951 dictum.
