2984 4666
658 169 675 204 0

309 266 380 338 atta
554 267 1088 358 nn‘srconnorulncnrro

690 545 954 616 mullum

722 717 754 751 D!
762 714 919 750 mmm·
971 713 975 719 '

355 853 428 918 323.
443 845 649 916 Bnasruunm
662 843 749 913 laudi
762 842 848 924 Dei,
865 845 990 936 ejusque
1006 841 1139 912 nominis
1158 845 1333 916 sanctifica-

304 943 389 1015 tioni
400 941 551 1053 opposita,
568 956 615 1010 est
628 939 742 1008 locutio
757 937 978 1006 contumeliosa
990 938 1105 1018 verbis,
1119 939 1254 1034 scriptis,
1270 941 1334 1035 sig·

310 1037 380 1123 nis,
404 1039 469 1106 imo
490 1037 556 1104 sola
573 1050 676 1102 mente
705 1057 848 1126 expressa
866 1035 972 1101 contra
985 1031 1105 1116 Deum,
1125 1051 1284 1104 sanctosve
1296 1053 1337 1105 ut·

309 1149 430 1201 sanctos
458 1133 526 1217 (a),
540 1129 591 1198 vel
605 1154 655 1198 res
668 1153 787 1214 sacras,
799 1142 852 1196 aut
862 1126 939 1196 alias
955 1141 1109 1197 creaturas
1121 1143 1155 1196 ut
1164 1154 1259 1224 opera
1267 1130 1332 1200 Dei

312 1229 531 1296 consideratas.
1042 1272 1044 1280 ,
1398 1227 1403 1240 '

352 1321 407 1388 Ad
420 1317 644 1414 blasphemiam
656 1319 729 1406 ergo
742 1340 805 1383 non
817 1315 986 1410 requiritur
996 1315 1140 1411 explicita
1155 1333 1184 1386 et
1189 1343 1332 1412 expressa

310 1417 415 1486 Deum
438 1409 630 1482 conviciandi
648 1410 794 1488 intentio;
812 1412 868 1479 sed
887 1411 1007 1488 suflicit
1020 1411 1161 1497 virtualis
1180 1429 1211 1480 et
1229 1411 1331 1508 impli-

313 1509 387 1591 cita,
404 1511 623 1603 quatenusper
647 1508 743 1575 verba
763 1521 816 1574 aut
829 1533 886 1600 per
900 1507 1030 1600 modum
1048 1533 1084 1574 ea
1096 1509 1340 1600 pronuntiandi„

312 1608 398 1699 juxta
421 1627 612 1672 communem
637 1599 934 1711 apprehensionem,
955 1596 1276 1677 Deus'dehonorarur
1299 1620 1332 1674 et

313 1699 533 1780 contemnitur3
553 1697 690 1790 alioqum
700 1722 778 1764 rarae
789 1712 890 1766 essent
899 1695 1111 1794 blasphemiae.

343 1867 379 1931 (a)
391 1870 415 1917 Sl
427 1869 492 1916 enlm
501 1868 608 1927 sanctos,
619 1867 648 1919 ut
658 1868 716 1916 ollrn
724 1867 852 1928 homines,
863 1866 1037 1915 contumeliosa
1053 1867 1149 1928 loquela
1165 1867 1270 1928 officiat,
1280 1879 1338 1916 non⁴
1368 1888 1370 1892 ·

312 1941 350 1986 est
359 1935 457 1998 proprie
466 1937 631 1997 blasphemia,
645 1939 703 1997 qula
714 1938 749 1984 iol
765 1937 849 1984 nullus
867 1938 904 1984 est
914 1937 1040 1995 respectus
1055 1935 1086 1984 arl
1095 1937 1183 1984 Deum.
1193 1937 1256 1996 Sed,
1266 1937 1287 1985 si
1296 1949 1331 1985 ex

311 2006 606 2066 orliovelindignationa,
627 2007 743 2065 peccatur
761 2005 897 2053 mortaliter
915 1999 996 2064 contri
1008 2005 1101 2052 duliam
1111 2005 1136 2053 et
1150 2006 1330 2054 observantiam

312 2075 402 2124 sanctis
414 2073 532 2123 debltam.
548 2075 574 2122 Sl
585 2075 667 2124 autem
678 2087 710 2123 ex
721 2073 776 2134 ioco
787 2075 828 2124 rel
843 2074 959 2135 levitate,
975 2073 1012 2122 est
1024 2075 1152 2136 peccatum
1162 2074 1268 2125 reniale.
1278 2075 1331 2125 ltet-

312 2147 385 2193 luort.

763 2217 877 2235 ——nfiq

313 2316 315 2320 .
353 2281 429 2355 324.
453 2273 656 2369 Blasphemia
680 2275 801 2344 aliaest
816 2275 1025 2360 enunciativa,
1044 2277 1176 2370 quavel
1200 2292 1330 2370 negetur

311 2367 381 2437 Deo
398 2370 482 2464 quod
496 2369 556 2466 ipsi
575 2369 733 2452 convenit,
751 2387 785 2438 ut
799 2373 1010 2466 providentia,
1035 2373 1086 2442 vel
1102 2373 1163 2467 ipsi
1181 2373 1329 2466 tribuitur

311 2465 394 2557 quod
410 2465 439 2533 ei
449 2491 511 2533 non
528 2467 669 2536 convenit
683 2520 691 2546 .
705 2482 740 2534 ut
757 2465 907 2554 injustitia
920 2519 928 2552 ‚
940 2468 990 2536 vel
1014 2483 1162 2536 creaturae
1181 2467 1329 2539 tribuitur

311 2561 394 2654 quod
408 2561 466 2629 soli
479 2561 550 2630 Deo
563 2561 709 2654 competit
723 2563 737 2647 (
758 2562 784 2644 ).

264 2707 268 2714 .
351 2655 427 2723 Alia
441 2656 655 2751 imprecative,
670 2659 733 2749 qua
748 2656 865 2726 malum
877 2657 948 2728 Deo
962 2667 1095 2751 optatur,
1110 2686 1143 2726 v.
1159 2687 1205 2754 g„
1220 2681 1328 2729 utnon

312 2765 361 2819 srl.

352 2844 427 2912 Alia
447 2837 629 2940 ¹simpliciter
650 2845 902 2932 dehonestativa,
924 2849 985 2942 qul
1001 2849 1119 2943 aliquid
1139 2851 1171 2920 in
1194 2851 1264 2922 Deo
1277 2853 1329 2921 vel

310 2937 439 3022 Christo
451 2946 525 3010 vere
541 2939 671 3010 existens
682 2942 861 3011 enuntiatur
874 2943 971 3013 modo
981 2945 1211 3032 contumelioso,
1224 2948 1329 3017 irriso·

309 3035 362 3101 rio¹
371 3035 433 3118 (b),
450 3051 479 3101 et
492 3035 551 3104 hoc
565 3035 639 3128 lieri
654 3052 775 3130 potest,
1069 3093 1073 3099 .

351 3127 416 3196 Vel
433 3128 550 3196 direct'e
565 3131 605 3198 ad
616 3129 859 3200 inhonorandum
867 3131 971 3202 Deum
981 3187 990 3216 ,
1002 3135 1085 3228 quod
1098 3134 1337 3227 desperatorum*

285 3281 287 3294 .
308 3239 338 3290 et
350 3222 519 3291 infidelium
533 3223 633 3292 solnm
647 3226 809 3322 proprium
824 3253 890 3302 esse
906 3228 1046 3306 videtur;

351 3317 415 3384 Vel
425 3317 587 3398 indirecte,
604 3324 674 3386 crim
685 3326 795 3415 nempe
806 3347 874 3416 quae
884 3321 954 3391 Deo
968 3322 1160 3402 conveniunt,
1176 3338 1210 3392 nt
1223 3343 1327 3421 caput,

309 3438 345 3480 ex
355 3411 564 3503 indignatione
580 3413 613 3479 in
630 3440 699 3482 eum
712 3417 763 3484 vel
778 3417 1005 3499 contumeliose,
1021 3433 1072 3486 aut
1087 3443 1124 3488 ea
1137 3421 1223 3513 quasi
1234 3423 1327 3492 taciti

309 3500 353 3574 illi
369 3509 601 3602 exprobrando,
616 3509 832 3604 proferuntur3
849 3514 922 3608 quia
934 3529 1007 3586 tunc
1030 3514 1173 3585 dicuutur
1197 3519 1237 3588 de
1255 3518 1327 3587 Deo

309 3603 396 3695 quasi
410 3604 654 3698 contemptibilia
664 3622 695 3674 et
704 3607 931 3702 vituperabilia.

348 3697 425 3766 Alia
449 3699 653 3784 haereticalis‚
670 3728 738 3795 quae
759 3705 902 3775 haeresim
920 3707 1072 3793 eontinet,
1092 3725 1125 3778 ut
1139 3739 1145 3776 :
1161 3716 1241 3778 Deus
1259 3729 1323 3774 nou

308 3796 463 3883 es‘tjuslrrs
476 3821 482 3856 :
497 3795 555 3862 alia
571 3797 713 3889 stmplex.
