2932 4658
294 273 365 346 332
463 271 755 350 nn'srrxro'nr
777 274 895 352 nono
913 275 1146 352 rnm'csnro

293 392 420 442 magnum,
431 383 487 442 plns
504 381 617 432 minisve
631 385 726 432 ratione
738 386 929 445 complexionis,
945 387 1110 446 experiuntur
1120 399 1220 433 sensum
1231 389 1328 448 volup-

293 449 413 511 tatis,qut
424 451 544 511 complett
555 454 675 500 satiantur
684 454 709 500 et
718 454 857 513 quiescunt.
867 455 957 502 Sensus
965 454 1007 501 bic
1019 455 1063 514 qui
1074 455 1162 514 incipit
1172 455 1198 500 in
1208 455 1323 513 portibus

292 520 406 567 venereis
417 520 454 566 est
462 522 552 580 spasmi
562 522 587 568 et
597 521 719 581 collapsis
733 522 832 579 majoris
841 523 882 569 vel
894 523 995 568 minoris
1006 523 1101 582 species
1117 519 1262 582 proprieque
1279 537 1322 571 se-

292 589 394 635 minatio
405 589 429 634 in
441 589 560 648 ioeminis,
570 587 614 637 se'u
622 590 675 648 eius
685 591 819 642 indicium:
830 590 871 636 sed
883 590 914 636 od
923 591 1109 649 conceptionem
1114 603 1164 638 non
1172 589 1321 638 necessaria.

323 657 350 702 ln
365 658 478 715 pluribus
489 658 606 716 iteratur,
614 654 679 718 saepe
693 659 833 717 multoties,
845 655 932 704 iterati
943 655 1026 704 causa.

322 720 406 781 Quoid
417 727 497 773 motus
515 725 619 784 maiores
629 727 670 774 vel
690 727 814 785 minores,
833 725 877 772 sed
886 737 936 771 non
947 725 1082 784 completos
1092 737 1137 771 seu
1152 718 1230 785 usque
1241 723 1271 770 ab
1281 736 1322 771 sa-

292 791 404 841 tietatem
416 793 441 840 et
451 793 561 846 ooietem
571 793 658 842 saltem
669 796 867 842 momentaneam
877 805 937 854 quos
948 793 1126 852 experiuntur,
1138 791 1169 839 de
1178 792 1211 840 iis
1220 791 1322 842 ridetur

292 859 487 908 ratiocinandum
499 862 563 910 sicut
573 862 604 910 de
612 863 720 910 motibus
730 863 869 910 carnalibus
879 861 922 922 qui
934 863 960 908 in
975 861 1036 908 viris
1047 860 1077 908 ad
1095 855 1256 920 pollutionem
1269 873 1321 909 non

292 928 450 984 perveniunt.
464 927 528 991 [l73‚
540 945 560 989 c,
577 929 622 992 d,].
642 931 698 978 iilos
708 931 789 978 motus
799 929 907 990 graviter
921 930 1011 988 malos,
1029 929 1049 975 si
1069 941 1220 976 nonaeram
1238 929 1321 988 pollu-

291 996 401 1056 tionem,
417 999 465 1045 sibi
480 1011 529 1046 non
542 995 597 1046 rsrb
612 1001 745 1058 procurant
755 999 831 1046 etlam
838 999 948 1056 iuniores
966 997 1055 1058 puciiae
1065 1009 1113 1044 uon
1122 998 1203 1044 solum
1213 997 1322 1046 tactibus

291 1063 335 1110 sed
345 1065 421 1112 variis
431 1069 546 1127 corporis
554 1068 731 1130 positionibus,
738 1067 920 1128 compressione
931 1068 1039 1126 partium
1054 1065 1234 1126 pudendorum,
1245 1065 1322 1112 tibia-

292 1141 347 1177 rum
360 1133 520 1193 extensione,
536 1136 584 1182 etc.

323 1195 442 1246 Ceterirm
452 1203 518 1249 modi
533 1215 558 1249 se
570 1197 692 1260 solitarie,
703 1201 744 1248 rel
756 1212 781 1248 se
798 1212 855 1248 cum
866 1201 929 1261 alio,
941 1201 981 1248 vel
992 1201 1068 1248 alium
1084 1195 1179 1248 tantbm
1191 1199 1323 1260 polioendi

292 1264 404 1326 praecise,
413 1281 461 1315 non
466 1270 583 1318 videntur
591 1266 727 1316 necessarii
733 1269 936 1328 declarandi,nisi
942 1270 1057 1316 bestiales
1068 1267 1116 1315 sint
1126 1269 1167 1314 aut
1172 1268 1321 1327 sodomitici,

292 1335 351 1392 quia
362 1337 481 1384 malitiam
491 1338 592 1385 sumunt
601 1351 633 1385 ex
644 1338 737 1384 intenta
744 1339 892 1398 pollutione.
903 1339 1016 1387 Rilleori.
1026 1339 1051 1385 si
1062 1338 1145 1385 tamen
1155 1338 1222 1383 iocus
1232 1337 1263 1383 sit
1278 1349 1322 1382 su-

293 1403 402 1461 spicandi
415 1403 490 1452 tuisse
502 1405 528 1452 in
538 1406 608 1453 modo
619 1405 739 1452 malitiam
749 1405 893 1453 notabiliter
907 1405 1039 1464 majorem,
1050 1406 1107 1452 vile
1123 1404 1150 1451 n⁰
1165 1405 1219 1463 720,
1236 1404 1259 1452 b.

323 1473 383 1520 Nota
395 1475 533 1532 polluentes
544 1487 570 1521 se
581 1476 632 1522 sive
644 1475 724 1534 viros,
735 1475 788 1522 sive
800 1475 927 1530 toeminas,
944 1472 1080 1534 prasertim
1097 1473 1213 1532 juvenes,
1224 1473 1321 1531 actum,

293 1552 318 1586 v.
328 1553 362 1600 g,
374 1542 466 1590 tactum
477 1538 555 1590 solum
566 1555 728 1602 accusare,ac
739 1544 769 1590 de
776 1544 912 1603 pollutione
923 1544 1005 1590 tacere
1016 1538 1118 1602 saeptis,
1130 1543 1181 1589 sive
1190 1542 1322 1602 quraigno·

292 1612 348 1663 rarat
359 1611 421 1658 banc
433 1623 485 1660 esso
504 1609 627 1672 praecipue
649 1613 778 1672 peccatum
797 1613 863 1672 qnod
884 1613 1054 1670 committunt,
1072 1613 1195 1675 sinequia
1206 1611 1321 1660 nesciunt

246 1719 253 1739 ,
293 1678 393 1724 modum
402 1679 471 1725 iilam
484 1679 639 1737 declarandi,
651 1681 717 1738 sive,
727 1681 776 1728 etc.
787 1676 856 1727 boot
866 1680 897 1726 ‹le
907 1681 1044 1738 pollutione
1054 1677 1185 1727 subsecuti
1196 1679 1253 1726 sunt
1263 1691 1322 1738 pru-

293 1744 381 1792 denter
397 1747 562 1806 interrogandi
575 1746 639 1808 [7i8‚
651 1746 686 1810 o].
1218 1777 1223 1786 x

324 1814 353 1858 at
363 1815 527 1874 interrogandi
538 1829 569 1866 an
577 1817 635 1864 tnnc
642 1816 758 1864 uescenti
770 1817 795 1862 in
802 1814 909 1874 cogitatu
920 1815 961 1862 vel
978 1814 1100 1860 desiderio
1111 1815 1205 1874 peccati
1212 1813 1323 1872 cujusvis

294 1893 352 1930 eum
362 1884 454 1942 altero,
466 1886 491 1932 et
502 1897 557 1932 cum
568 1887 644 1945 quali.
656 1881 724 1944 Saepb
736 1884 802 1930 enim
817 1883 865 1940 sie,
877 1882 929 1928 sive
951 1876 1008 1928 cium
1028 1881 1131 1940 pollutio
1152 1881 1261 1927 solitaria
1273 1884 1323 1942 est,

294 1951 348 1999 sive
357 1948 413 2000 ciam
423 1954 493 2002 venit
503 1967 536 2002 ex
546 1957 701 2015 amplexibus
711 1955 754 2001 ant
764 1952 870 2001 tactibus
880 1947 1015 2011 praesertim
1026 1961 1083 1996 cum
1099 1961 1229 2008 corporum
1239 1950 1271 1995 acl
1281 1951 1325 1998 in-

294 2022 376 2069 vicem
387 2025 583 2083 compressione,
598 2019 706 2071 maxime
717 2024 738 2070 si
750 2023 780 2069 ab
797 2016 862 2068 ante.
872 2021 902 2067 Et
913 2021 934 2066 si
945 2018 1038 2066 intenta
1056 2031 1105 2064 non
1115 2017 1190 2064 tuerit
1200 2018 1322 2080 pollutio,

294 2093 455 2151 quaerendum
468 2105 597 2154 perquem
616 2094 699 2140 actum
720 2090 841 2140 evenerit.
855 2091 915 2138 itam
926 2089 994 2136 actus
1009 2087 1077 2134 illam
1088 2086 1246 2146 procurantes
1265 2099 1323 2146 pos-

295 2161 353 2206 sunt
368 2173 419 2207 esse
431 2163 512 2220 specie
521 2161 612 2207 diversi
624 2160 650 2208 et
659 2161 717 2208 sunt
727 2159 774 2224 alii
782 2160 836 2206 aliis
846 2157 988 2208 notabiliter
999 2155 1121 2215 martores
1131 2150 1263 2216 sepissime
1275 2151 1323 2204 eta

294 2227 431 2286 pollutione
442 2229 500 2273 tune
516 2228 634 2272 distincti.
676 2229 680 2236 '

326 2295 433 2340 Tandem
444 2295 474 2341 de
484 2295 619 2353 pollutione
630 2295 809 2354 interrogandi,
820 2294 863 2342 sed
873 2289 944 2342 caute
953 2290 1115 2353 semper‚qui
1125 2290 1188 2340 solos
1199 2291 1320 2350 aspectus,

296 2361 358 2407 solas
373 2361 531 2418 cogitationes
543 2363 698 2419 confitentur,
711 2364 731 2408 si
743 2363 795 2409 baec
813 2363 950 2410 voluntaria
962 2361 1063 2426 tuerint.

328 2427 416 2489 (b)Nec
426 2429 565 2488 incoeptain
576 2441 659 2474 somno
668 2429 806 2476 continuari
815 2430 895 2486 potest
906 2429 961 2487 post
969 2429 1152 2486 evigilationem
1156 2421 1227 2484 luxti
1232 2425 1321 2474 multos

297 2493 380 2545 contri
391 2509 439 2544 non
449 2509 539 2556 paucos
546 2497 589 2556 qui
600 2497 696 2552 dicunt,
707 2496 739 2540 ob
750 2496 940 2541 incommoiaex
951 2496 1102 2544 cohibitione
1112 2495 1195 2544 lorsan
1205 2496 1321 2542 eventura

297 2579 367 2628 posse
378 2566 522 2626 simpliciter
532 2564 643 2626 permitti
655 2563 877 2620 continuationem,
888 2575 930 2608 cor
940 2563 971 2608 ad
980 2564 1060 2610 Deum
1071 2564 1199 2612 elevando.
1218 2559 1252 2610 iti
1261 2564 1321 2610 Ger-

298 2650 355 2697 son,
365 2638 483 2697 blimart,
495 2635 553 2696 ete,
564 2636 637 2696 quia,
649 2632 776 2694 inquiunt,
794 2631 883 2692 praeter
902 2631 1055 2678 incommoda
1076 2633 1101 2678 et
1119 2633 1227 2691 corporis
1237 2643 1320 2692 grava-

298 2707 482 2767 men,pollotio
493 2707 520 2754 in
538 2718 621 2754 somno
639 2703 752 2751 inchoata
760 2694 864 2750 ulteriirs
880 2711 928 2746 non
938 2699 1050 2757 subiacet
1064 2700 1197 2748 voluntati.
1208 2701 1256 2748 Sed
1269 2701 1320 2748 boc

298 2777 360 2824 ratio
371 2777 402 2823 ad
423 2789 547 2823 assensum
561 2787 611 2835 non
625 2773 699 2834 rapit.
710 2773 754 2818 ilis
766 2768 823 2830 ergb
840 2769 963 2827 theologia
982 2769 1117 2818 assentirer
1134 2765 1232 2816 tantaim
1250 2763 1320 2827 cunr,

298 2845 364 2904 quod
382 2857 480 2905 rarum,
492 2858 579 2894 verum
589 2843 657 2892 adest
667 2841 715 2888 sibi
726 2840 833 2900 graviter
850 2838 955 2886 nocendi
975 2839 1130 2898 periculum,
1144 2837 1196 2883 sine
1212 2837 1321 2896 periculo

298 2913 430 2961 consensis
441 2915 467 2960 in
477 2927 504 2961 re
515 2917 565 2961 tam
575 2909 669 2959 lubrici
681 2925 687 2956 :
699 2905 798 2956 aliunde
813 2920 863 2962 non
873 2907 910 2954 sat
919 2908 1008 2956 efficax
1020 2904 1082 2955 torte
1094 2907 1157 2952 foret
1167 2905 1322 2964 displicentia

299 2982 320 3027 si
329 2981 432 3038 pollutio
448 2995 497 3028 non
508 2981 666 3028 cohiberetur
683 2991 728 3039 per
744 2979 852 3037 aliquem
869 2977 956 3025 saltem
972 2979 1101 3034 conatum,
1112 2989 1137 3023 v.
1147 2988 1182 3034 g,
1193 2975 1323 3024 retinendo

301 3047 496 3107 ejaculationem,
508 3049 638 3108 quaerendo
649 3049 730 3098 locam
747 3047 806 3095 lecti
816 3046 942 3108 stipidum,
960 3042 976 3096 ὁ
989 3047 1055 3094 lecto
1070 3043 1238 3106 prosiliendo:
1251 3043 1321 3092 idem

301 3117 340 3164 dic
350 3117 371 3162 si
382 3117 477 3164 accidat
487 3115 612 3176 invigila.
698 3155 699 3158 ,

330 3187 390 3232 Nota
402 3199 408 3230 ι
421 3184 526 3231 licitum
546 3185 583 3231 est
592 3195 637 3244 per
647 3181 825 3230 medicamenta
837 3193 920 3229 semen
931 3180 1071 3239 corruptum
1086 3177 1176 3231 eiicere
1191 3171 1263 3222 morib
1274 3187 1324 3225 non

301 3267 347 3314 ope
359 3254 545 3312 simulationis,
561 3252 621 3312 quia
630 3253 687 3297 tune
699 3250 784 3298 vivum
800 3246 907 3309 primirm
924 3247 1063 3304 eiceretur,
1074 3242 1229 3288 Cootioootor
1248 3245 1323 3292 Tour-

301 3325 353 3383 oclp‘
367 3323 421 3383 post
431 3322 547 3370 medicos.
559 3320 666 3368 Medicus
676 3320 739 3392 mihi
748 3320 813 3367 diiii
821 3331 869 3365 non
879 3312 999 3370 corrumpi
1010 3321 1108 3368 semen,
1119 3309 1163 3356 sed
1182 3306 1323 3375 potiusnon

374 3405 399 3438 ra
415 3407 433 3440 1.

301 3393 443 3524 elatlc'fsept
454 3459 518 3508 nibil
528 3458 636 3518 multant
646 3459 694 3506 nisi
703 3467 771 3504 suam
781 3451 940 3510 voluptatem.
947 3445 1060 3496 lmbsrurt
1069 3447 1154 3508 piures
1163 3447 1324 3510 quipoliuunt

302 3543 329 3580 se
339 3533 366 3580 et
376 3530 488 3590 ignorant
504 3541 609 3579 manum
621 3529 745 3574 unionem.

335 3598 368 3661 (ri)
375 3598 455 3656 Addo,
464 3596 564 3656 quiasat
573 3596 697 3656 frequens,
708 3587 843 3652 presertim
854 3587 881 3633 in
890 3584 1008 3644 loeminis,
1015 3583 1046 3630 ob
1054 3596 1152 3631 caumm
1161 3585 1323 3632 sufficientem

303 3670 417 3720 ermari
426 3680 495 3728 posse
505 3667 680 3728 pollutionem,
691 3661 790 3710 absente
796 3653 926 3704 consensius
936 3654 1056 3715 periculo,
1068 3654 1094 3700 in
1104 3654 1134 3700 iis
1144 3655 1187 3713 qui
1200 3646 1322 3700 moderate

304 3737 393 3784 fricant
413 3735 494 3795 partes
511 3734 666 3789 inhonestas,
685 3730 716 3775 ad
734 3723 881 3784 abigendum
896 3723 1095 3772 molestissimum
1107 3723 1174 3769 iniis
1186 3719 1322 3780 pruritum,

303 3807 363 3865 quia
376 3806 422 3852 boc
439 3807 480 3854 est
485 3801 710 3857 medicamentum,
721 3797 746 3844 et
756 3795 861 3856 pollutio
877 3793 989 3854 sequitur
1005 3787 1133 3840 indirecte.
1145 3782 1230 3836 contri
1240 3788 1323 3834 tamen

306 3877 382 3925 scutit
399 3860 552 3923 continuator
570 3869 706 3930 Tournely,
716 3866 774 3932 quia
787 3865 888 3926 inquit,
900 3861 1043 3912 confricatio
1054 3861 1105 3908 baec
1114 3858 1151 3906 cst
1160 3857 1255 3906 directa
1265 3857 1323 3904 maii
