2984 4666
603 440 837 495 necarunt.
1017 503 1019 510 Α
1166 423 1234 514 ²75

260 522 332 612 vel
344 531 491 620 tanquam
504 528 740 600 instrumentum
754 527 873 622 peccati
890 556 943 610 ,v.
967 555 1001 620 g.
1018 543 1074 610 ,ut
1093 530 1235 604 credatur

217 623 355 690 narratio
369 623 461 712 etiam
473 647 559 704 vera,
575 621 735 704 includens
750 623 881 720 proximi
894 621 1135 710 infamationem,
1153 615 1235 692 etsie

216 733 366 808 augeatur
378 717 515 786 infamia.
531 715 603 786 Hoc
616 711 746 786 mortale
759 735 816 804 est,
832 717 944 786 saltem-
952 719 977 786 si
989 721 1119 788 materia
1130 715 1234 811 gravis
1303 734 1309 750 “

216 811 268 890 sit,
285 813 475 906 quiamagna
485 829 531 882 est
544 817 618 906 erga
631 813 735 882 Deuin
745 813 859 902 injuria
874 840 945 882 eum
956 816 1110 894 adducere
1122 831 1154 884 ut
1165 843 1233 884 coo·

215 924 389 1000 peratorem
403 907 529 976 malitiae
541 907 682 976 mortalis
697 909 755 993 (b).

233 1053 236 1062 ,
257 1004 294 1072 Si
305 1019 406 1094 autem
418 1005 623 1094 juramentum
638 1003 677 1070 de
689 1029 723 1070 re
734 1002 842 1070 illicitat
855 1003 909 1070 fiat
922 995 1137 1097 promissoiie,
1151 1032 1233 1072 mor·

214 1098 276 1167 tale
290 1114 335 1166 est
347 1099 467 1178 itidem,
483 1099 597 1166 saltem
605 1098 631 1165 si
644 1097 686 1166 sit
700 1099 739 1166 de
753 1125 787 1166 re
800 1098 971 1167 mortaliter
981 1099 1074 1184 mald,
1086 1117 1119 1168 ut
1133 1101 1172 1186 de
1183 1129 1232 1169 su-

197 1195 326 1264 ‘rnendd
336 1193 473 1280 vindietd
487 1194 575 1285 gravi
589 1197 656 1280 (c).
671 1194 714 1262 Et
728 1193 755 1262 si
771 1211 842 1262 tune
856 1221 919 1262 non
938 1193 1086 1264 habeatur
1102 1197 1230 1264 intenlio

214 1289 383 1383 exequendi
400 1289 484 1382 quod
507 1290 647 1382 juratur,
672 1291 879 1384 juramentum
908 1305 953 1394 est
974 1291 1099 1390 insuper
1123 1297 1229 1360 contrat

211 1401 385 1454 veritatem.
449 1445 453 1452 .
482 1450 486 1460 Χ
804 1467 806 1476 Ι

253 1481 342 1548 Idem
356 1479 433 1546 dicit
444 1475 488 1546 D.
501 1476 644 1546 Thomas
659 1479 698 1546 de
708 1477 880 1568 juramento
893 1506 955 1548 non
969 1479 1103 1550 faciendi
1114 1481 1227 1550 bonnm

211 1574 368 1656 notabile,
385 1599 417 1640 ιι..
434 1599 484 1664 g.‚
500 1599 561 1640 non
581 1574 776 1665 ingrediendi
802 1574 1001 1667 religionem,
1013 1577 1085 1670 quia
1101 1579 1226 1671 ponitur

211 1673 290 1739 obex
304 1669 437 1763 Spiritui
452 1685 570 1738 sancto.
937 1747 940 1752 Ι

250 1766 294 1834 Et
317 1767 401 1836 idem
418 1765 493 1833 dicit
517 1763 718 1834 catechismus
746 1786 891 1834 romanus
909 1767 949 1835 de
964 1771 1138 1860 juramento
1162 1797 1225 1839 non

208 1861 353 1931 servandi
383 1859 511 1932 consilia
543 1855 737 1952 evangeliea,
761 1861 835 1954 quia
857 1859 921 1931 Dei
947 1881 1155 1960 contemptum
1180 1868 1227 1940 in-¹

207 1957 313 2024 volvit.

249 2051 406 2119 Caeterirm
420 2049 473 2141 qui
488 2074 555 2116 rem
570 2049 686 2138 malam
709 2049 754 2115 sic
777 2049 962 2140 promissam
981 2068 1180 2142 exequeretur
1190 2054 1223 2120 ui

206 2145 383 2238 juramenti,
397 2159 557 2236 peceatum
567 2168 680 2209 novum
693 2141 836 2222 mortale,
852 2139 945 2209 etiam
958 2141 992 2210 in
1003 2144 1133 2212 materid
1148 2145 1221 2232 levi,

206 2245 313 2310 contra
327 2239 508 2336 religionem
520 2237 644 2334 insuper
657 2236 872 2304 committeret.

236 2407 272 2472 (a)
283 2410 331 2456 llil
341 2401 423 2456 contr’a
434 2405 494 2454 allos
504 2405 592 2466 negant
603 2417 655 2452 esse
666 2404 782 2462 mortale,
791 2403 817 2451 ln
828 2402 922 2450 ratione
930 2403 989 2450 mall
998 2403 1146 2468 iuramenti,
1157 2419 1221 2459 esee-

204 2493 258 2527 rere
279 2493 323 2540 per
338 2477 517 2536 tutamentum,
538 2488 593 2522 eum
606 2473 723 2532 jactantia
741 2476 766 2521 et
780 2475 955 2532 delectatione,
969 2476 1092 2533 propriam
1107 2479 1219 2540 culpam,

202 2554 259 2613 quia
269 2548 435 2608 iuramentum
443 2558 491 2594 ιιοιι
499 2543 564 2592 cadit
575 2546 600 2590 ln
611 2543 707 2602 eulpam
717 2543 744 2588 ut
752 2543 860 2607 culpam,
870 2541 914 2590 sed
921 2545 949 2590 ut
959 2555 1052 2593 veram.

233 2618 267 2680 (tr)
280 2611 355 2664 Sectis
364 2615 385 2662 si
396 2615 514 2672 vernalis,
525 2617 555 2662 P.
568 2613 627 2660 Gal.
639 2615 695 2660 Aut.
708 2613 787 2660 Collel.

233 2689 264 2750 (e)
275 2681 378 2734 llnltdm
385 2683 509 2743 disputant
518 2693 548 2728 an
557 2681 658 2728 mortale
670 2681 710 2727 vel
719 2675 796 2727 solnm
807 2679 903 2727 veniale
914 2679 947 2728 sit
958 2679 1125 2738 iuramentum
1135 2683 1165 2732 de
1173 2698 1219 2733 re

202 2755 261 2803 ntall
271 2753 452 2803 committendo.
463 2751 494 2798 ut
504 2751 600 2798 veniale
610 2743 693 2798 sottm'
699 2749 761 2796 illud
770 2749 936 2806 iuramentum
950 2749 1043 2798 habent
1050 2751 1151 2812 Suarez,
1163 2756 1218 2814 syl-

202 2825 270 2882 vius,
281 2825 307 2868 P.
317 2822 378 2868 Gale.
389 2821 445 2866 Ant
453 2819 544 2876 Collet,
555 2819 613 2876 eto,
622 2819 664 2878 qul
676 2817 917 2865 aununtsententiam
926 2831 993 2866 suam
1005 2831 1058 2866 esse
1069 2825 1218 2871 communio·

201 2905 262 2940 rem.
272 2890 342 2937 llatio
354 2900 438 2934 eorum
447 2887 483 2933 est
493 2882 572 2945 quod,
584 2884 677 2934 seclusa
685 2885 789 2944 quadam
800 2885 963 2946 contumellt,
974 2887 1123 2947 eetlnslsque
1135 2893 1217 2939 verbls

199 2974 254 3020 quae
265 2957 441 3018 blasphemlam
452 2957 552 3010 sonent,
561 2956 640 3014 gravis
653 2967 702 3001 non
713 2955 755 3002 ssat
765 2956 816 3002 Deo
832 2956 931 3015 injuria.

231 3029 271 3074 Ast
282 3025 324 3073 alii
332 3058 340 3083 ,
348 3023 432 3070 Theol.
444 3023 515 3080 utet,
526 3023 619 3082 Bailly,
631 3023 747 3081 Billuart‚
758 3024 836 3082 Bene,
847 3025 937 3084 quilius
947 3023 1072 3076 lutenttts
1087 3029 1215 3091 adhaereo,

199 3095 415 3156 tincturamentum
430 3094 458 3138 nt
466 3093 568 3140 mortale
577 3091 681 3150 habent,
697 3094 755 3152 qula
771 3097 851 3151 gravis
860 3096 959 3142 videtur
972 3109 1023 3145 esse
1035 3100 1124 3156 intuetu
1136 3101 1215 3148 [leun

198 3177 320 3212 :resumere
328 3165 352 3210 ln
363 3161 529 3220 fideiussorem
538 3162 641 3221 peceati,
648 3157 761 3209 nlsllurtd
782 3169 921 3214 assumatur
931 3161 1009 3214 sulm
1019 3173 1046 3215 ut
1055 3169 1123 3216 testls
1133 3183 1215 3228 prave

199 3235 348 3282 intentionis.
360 3233 458 3281 Fatetur
468 3231 544 3278 Collet
553 3231 601 3278 tale
611 3230 776 3287 juramentum
788 3233 872 3280 mnltls
882 3233 906 3279 ln
918 3236 1014 3300 epsillus
1030 3249 1082 3284 esse
1096 3241 1215 3299 mortale,

197 3305 254 3361 qula
268 3302 370 3360 proferri
390 3301 451 3347 solet
462 3313 493 3346 ex
507 3298 635 3358 impotenti
654 3301 696 3346 irae
707 3300 815 3358 impetu,
828 3303 853 3347 et
869 3299 941 3350 taetre
949 3303 1074 3361 judicetur
1084 3307 1142 3354 tune
1157 3309 1213 3357 leve

196 3371 260 3426 quod
271 3369 371 3416 mortale
383 3370 428 3415 est.
441 3365 544 3415 Aliunde
555 3366 618 3430 sepe
628 3381 678 3415 non
692 3369 796 3416 habetur
804 3369 909 3418 intentio
917 3371 1093 3434 faciendiquod
1100 3379 1212 3437 juratur3

136 3465 139 3470 ι
196 3453 223 3485 au
235 3433 335 3498 proinde
345 3438 373 3484 ut
387 3439 533 3496 perjurium.
629 3483 643 3502 ‚

236 3579 309 3644 315.
331 3577 464 3644 Veritas.
491 3575 539 3644 Itd
550 3593 584 3644 ut
598 3558 701 3667 jurans
717 3581 800 3646 certd
815 3595 848 3660 et
857 3582 1028 3740 prudenter
1039 3583 1143 3648 credat
1154 3562 1211 3652 ue-

195 3699 262 3740 rum
277 3671 359 3762 (prod
374 3669 481 3736 asserit
492 3671 556 3756 (a);
570 3691 639 3742 actu
652 3673 842 3742 voluntatem
880 3675 969 3744 abeat
980 3672 1113 3745 faciendi
1127 3681 1210 3773 quod

194 3766 360 3860 promittit,
374 3763 473 3857 sitque
481 3768 639 3836 moraliter
654 3787 754 3848 certus
769 3786 800 3837 et
817 3786 920 3861 speret
936 3773 1102 3864 prudenter
1119 3803 1210 3845 sere

193 3864 267 3926 vera
279 3860 443 3942 facturum,
459 3860 491 3926 ni
506 3859 580 3952 quid
596 3862 778 3932 rationabile
792 3867 902 3936 obstet.
921 3905 926 3912 ·

233 3953 345 4023 Jnrare
356 3958 461 4024 contrd
475 3954 554 4023 hanc
571 3958 735 4047 juramenti
746 3961 906 4048 comitem,
923 3965 1026 4032 stricte
1046 3983 1074 4102 ql
1093 3965 1235 4059 simpli-⁴

1041 4067 1052 4101 l
1074 4085 1081 4098 ι
