<?xml version="1.0" encoding="UTF-8"?>
<!DOCTYPE html PUBLIC "-//W3C//DTD XHTML 1.0 Transitional//EN"
    "http://www.w3.org/TR/xhtml1/DTD/xhtml1-transitional.dtd">
<html xmlns="http://www.w3.org/1999/xhtml" xml:lang="en" lang="en">
 <head>
  <title>
</title>
<meta http-equiv="Content-Type" content="text/html;charset=utf-8" />
  <meta name='ocr-system' content='tesseract 3.04.00' />
  <meta name='ocr-capabilities' content='ocr_page ocr_carea ocr_par ocr_line ocrx_word'/>
</head>
<body>
  <div class='ocr_page' id='page_1' title='image "./theologiapracti00verngoog_0353.png"; bbox 0 0 2932 4658; ppageno 0'>
   <div class='ocr_carea' id='block_1_1' title="bbox 295 260 1344 774">
    <p class='ocr_par' dir='ltr' id='par_1_1' title="bbox 295 260 1344 774">
     <span class='ocr_line' id='line_1_1' title="bbox 298 260 1204 353; baseline 0.001 -19"><span class='ocrx_word' id='word_1_1' title='bbox 298 260 371 353; x_wconf 76' lang='grc'><strong>334</strong></span> <span class='ocrx_word' id='word_1_2' title='bbox 435 273 437 278; x_wconf 88' lang='grc'><strong><em>·</em></strong></span> <span class='ocrx_word' id='word_1_3' title='bbox 467 279 520 335; x_wconf 85' lang='lat' dir='ltr'><strong>nu</strong></span> <span class='ocrx_word' id='word_1_4' title='bbox 541 274 752 334; x_wconf 78' lang='lat' dir='ltr'><strong>saxeo-ar</strong></span> <span class='ocrx_word' id='word_1_5' title='bbox 772 265 888 332; x_wconf 80' lang='lat' dir='ltr'><strong>nouo</strong></span> <span class='ocrx_word' id='word_1_6' title='bbox 906 275 1145 335; x_wconf 79' lang='lat' dir='ltr'><strong>rnmcnero</strong></span> <span class='ocrx_word' id='word_1_7' title='bbox 1199 317 1204 322; x_wconf 14' lang='lat' dir='ltr'><strong>a.</strong></span> 
     </span>
     <span class='ocr_line' id='line_1_2' title="bbox 297 353 1318 430; baseline -0.001 -11"><span class='ocrx_word' id='word_1_8' title='bbox 297 371 403 419; x_wconf 80' lang='lat' dir='ltr'><strong>damiam</strong></span> <span class='ocrx_word' id='word_1_9' title='bbox 412 377 461 418; x_wconf 84' lang='lat' dir='ltr'><strong>non</strong></span> <span class='ocrx_word' id='word_1_10' title='bbox 469 369 561 417; x_wconf 85' lang='lat' dir='ltr'><strong>reterre</strong></span> <span class='ocrx_word' id='word_1_11' title='bbox 571 381 619 430; x_wconf 83' lang='lat' dir='ltr'><strong>quo</strong></span> <span class='ocrx_word' id='word_1_12' title='bbox 629 369 656 416; x_wconf 91' lang='lat' dir='ltr'><strong>in</strong></span> <span class='ocrx_word' id='word_1_13' title='bbox 666 379 723 416; x_wconf 77' lang='lat' dir='ltr'><strong>vaae</strong></span> <span class='ocrx_word' id='word_1_14' title='bbox 732 367 772 416; x_wconf 83' lang='lat' dir='ltr'><strong>rel</strong></span> <span class='ocrx_word' id='word_1_15' title='bbox 786 367 813 414; x_wconf 89' lang='lat' dir='ltr'><strong>in</strong></span> <span class='ocrx_word' id='word_1_16' title='bbox 823 365 871 428; x_wconf 81' lang='lat' dir='ltr'><strong>qud</strong></span> <span class='ocrx_word' id='word_1_17' title='bbox 882 368 990 428; x_wconf 88' lang='lat' dir='ltr'><strong>corporis</strong></span> <span class='ocrx_word' id='word_1_18' title='bbox 1003 367 1088 428; x_wconf 85' lang='lat' dir='ltr'><strong>parto,</strong></span> <span class='ocrx_word' id='word_1_19' title='bbox 1099 368 1126 416; x_wconf 90' lang='lat' dir='ltr'><strong>in</strong></span> <span class='ocrx_word' id='word_1_20' title='bbox 1142 353 1263 420; x_wconf 78' lang='lat' dir='ltr'><strong>anteriori</strong></span> <span class='ocrx_word' id='word_1_21' title='bbox 1276 366 1318 421; x_wconf 81' lang='lat' dir='ltr'><strong>vel</strong></span> 
     </span>
     <span class='ocr_line' id='line_1_3' title="bbox 297 435 1319 501; baseline 0.002 -15"><span class='ocrx_word' id='word_1_22' title='bbox 297 439 324 486; x_wconf 86' lang='lat' dir='ltr'><strong>ln</strong></span> <span class='ocrx_word' id='word_1_23' title='bbox 334 437 472 499; x_wconf 68' lang='lat' dir='ltr'><strong>posteriori,</strong></span> <span class='ocrx_word' id='word_1_24' title='bbox 483 437 532 485; x_wconf 89' lang='lat' dir='ltr'><strong>duc</strong></span> <span class='ocrx_word' id='word_1_25' title='bbox 543 437 653 496; x_wconf 79' lang='lat' dir='ltr'><strong>eiusdem</strong></span> <span class='ocrx_word' id='word_1_26' title='bbox 663 435 737 484; x_wconf 81' lang='lat' dir='ltr'><strong>sexais</strong></span> <span class='ocrx_word' id='word_1_27' title='bbox 747 447 826 484; x_wconf 84' lang='lat' dir='ltr'><strong>mares</strong></span> <span class='ocrx_word' id='word_1_28' title='bbox 835 436 876 484; x_wconf 86' lang='lat' dir='ltr'><strong>vel</strong></span> <span class='ocrx_word' id='word_1_29' title='bbox 897 435 1004 484; x_wconf 89' lang='lat' dir='ltr'><strong>ioeminae</strong></span> <span class='ocrx_word' id='word_1_30' title='bbox 1019 437 1236 498; x_wconf 82' lang='lat' dir='ltr'><strong>commisceantur3</strong></span> <span class='ocrx_word' id='word_1_31' title='bbox 1256 441 1319 501; x_wconf 84' lang='lat' dir='ltr'><strong>quin</strong></span> 
     </span>
     <span class='ocr_line' id='line_1_4' title="bbox 297 501 1319 567; baseline 0.001 -13"><span class='ocrx_word' id='word_1_32' title='bbox 297 506 328 555; x_wconf 85' lang='lat' dir='ltr'><strong>ad</strong></span> <span class='ocrx_word' id='word_1_33' title='bbox 341 506 474 556; x_wconf 83' lang='lat' dir='ltr'><strong>sodomiam</strong></span> <span class='ocrx_word' id='word_1_34' title='bbox 484 505 595 554; x_wconf 82' lang='lat' dir='ltr'><strong>referunt</strong></span> <span class='ocrx_word' id='word_1_35' title='bbox 605 501 681 566; x_wconf 71' lang='lat' dir='ltr'><strong>adqui</strong></span> <span class='ocrx_word' id='word_1_36' title='bbox 692 505 817 565; x_wconf 80' lang='lat' dir='ltr'><strong>simplices</strong></span> <span class='ocrx_word' id='word_1_37' title='bbox 824 503 904 552; x_wconf 73' lang='lat' dir='ltr'><strong>metus</strong></span> <span class='ocrx_word' id='word_1_38' title='bbox 923 503 1062 565; x_wconf 90' lang='lat' dir='ltr'><strong>impudicos</strong></span> <span class='ocrx_word' id='word_1_39' title='bbox 1071 517 1128 553; x_wconf 90' lang='lat' dir='ltr'><strong>cum</strong></span> <span class='ocrx_word' id='word_1_40' title='bbox 1144 507 1229 554; x_wconf 88' lang='lat' dir='ltr'><strong>eodem</strong></span> <span class='ocrx_word' id='word_1_41' title='bbox 1239 520 1319 567; x_wconf 83' lang='lat' dir='ltr'><strong>sexu,</strong></span> 
     </span>
     <span class='ocr_line' id='line_1_5' title="bbox 295 572 1268 634; baseline 0.003 -14"><span class='ocrx_word' id='word_1_42' title='bbox 295 573 354 634; x_wconf 73' lang='lat' dir='ltr'><strong>quia</strong></span> <span class='ocrx_word' id='word_1_43' title='bbox 365 574 478 622; x_wconf 73' lang='lat' dir='ltr'><strong>sodomiae</strong></span> <span class='ocrx_word' id='word_1_44' title='bbox 489 573 603 633; x_wconf 77' lang='lat' dir='ltr'><strong>periectae</strong></span> <span class='ocrx_word' id='word_1_45' title='bbox 613 573 708 622; x_wconf 90' lang='lat' dir='ltr'><strong>malitia</strong></span> <span class='ocrx_word' id='word_1_46' title='bbox 719 573 829 622; x_wconf 80' lang='lat' dir='ltr'><strong>consistit</strong></span> <span class='ocrx_word' id='word_1_47' title='bbox 840 572 867 620; x_wconf 77' lang='lat' dir='ltr'><strong>i&#39;n</strong></span> <span class='ocrx_word' id='word_1_48' title='bbox 876 572 966 620; x_wconf 79' lang='lat' dir='ltr'><strong>affeetu</strong></span> <span class='ocrx_word' id='word_1_49' title='bbox 976 572 1007 619; x_wconf 90' lang='lat' dir='ltr'><strong>ad</strong></span> <span class='ocrx_word' id='word_1_50' title='bbox 1018 585 1108 621; x_wconf 83' lang='lat' dir='ltr'><strong>sexum</strong></span> <span class='ocrx_word' id='word_1_51' title='bbox 1122 574 1268 624; x_wconf 90' lang='lat' dir='ltr'><strong>indebitum.</strong></span> 
     </span>
     <span class='ocr_line' id='line_1_6' title="bbox 326 640 1319 702; baseline 0.005 -14"><span class='ocrx_word' id='word_1_52' title='bbox 326 641 537 702; x_wconf 82' lang='lat' dir='ltr'><strong>Adimperiectam</strong></span> <span class='ocrx_word' id='word_1_53' title='bbox 547 640 638 689; x_wconf 81' lang='lat' dir='ltr'><strong>suflicit</strong></span> <span class='ocrx_word' id='word_1_54' title='bbox 648 641 742 690; x_wconf 90' lang='lat' dir='ltr'><strong>itemut</strong></span> <span class='ocrx_word' id='word_1_55' title='bbox 751 651 803 690; x_wconf 84' lang='lat' dir='ltr'><strong>mas</strong></span> <span class='ocrx_word' id='word_1_56' title='bbox 813 643 839 690; x_wconf 89' lang='lat' dir='ltr'><strong>et</strong></span> <span class='ocrx_word' id='word_1_57' title='bbox 849 641 1106 701; x_wconf 79' lang='lat' dir='ltr'><strong>foeminaeoeant,non</strong></span> <span class='ocrx_word' id='word_1_58' title='bbox 1116 645 1219 692; x_wconf 85' lang='lat' dir='ltr'><strong>servatis</strong></span> <span class='ocrx_word' id='word_1_59' title='bbox 1228 644 1319 693; x_wconf 86' lang='lat' dir='ltr'><strong>debitis</strong></span> 
     </span>
     <span class='ocr_line' id='line_1_7' title="bbox 296 703 1344 774; baseline 0.007 -19"><span class='ocrx_word' id='word_1_60' title='bbox 296 710 406 768; x_wconf 66' lang='lat' dir='ltr'><strong>organis,</strong></span> <span class='ocrx_word' id='word_1_61' title='bbox 426 721 470 756; x_wconf 91' lang='lat' dir='ltr'><strong>seu</strong></span> <span class='ocrx_word' id='word_1_62' title='bbox 491 709 660 758; x_wconf 83' lang='lat' dir='ltr'><strong>instrumentis</strong></span> <span class='ocrx_word' id='word_1_63' title='bbox 677 709 839 758; x_wconf 84' lang='lat' dir='ltr'><strong>naturalibus.</strong></span> <span class='ocrx_word' id='word_1_64' title='bbox 860 703 1146 759; x_wconf 82' lang='lat' dir='ltr'><strong>imbutsitadectusad</strong></span> <span class='ocrx_word' id='word_1_65' title='bbox 1158 713 1318 774; x_wconf 82' lang='lat' dir='ltr'><strong>praeposteras</strong></span> <span class='ocrx_word' id='word_1_66' title='bbox 1341 736 1344 738; x_wconf 56' lang='lat'>&gt;</span> 
     </span>
    </p>
   </div>
   <div class='ocr_carea' id='block_1_2' title="bbox 295 778 1129 905">
    <p class='ocr_par' dir='ltr' id='par_1_2' title="bbox 295 778 1129 905">
     <span class='ocr_line' id='line_1_8' title="bbox 295 778 774 836; baseline 0.01 -13"><span class='ocrx_word' id='word_1_67' title='bbox 295 778 509 836; x_wconf 54' lang='lat' dir='ltr'><strong>postestatem.</strong></span> <span class='ocrx_word' id='word_1_68' title='bbox 771 813 774 818; x_wconf 84' lang='lat'>.</span> 
     </span>
     <span class='ocr_line' id='line_1_9' title="bbox 325 841 1129 905; baseline 0.004 -13"><span class='ocrx_word' id='word_1_69' title='bbox 325 841 410 903; x_wconf 82' lang='lat' dir='ltr'><strong>Quold</strong></span> <span class='ocrx_word' id='word_1_70' title='bbox 420 847 624 904; x_wconf 81' lang='lat' dir='ltr'><strong>reservationem,</strong></span> <span class='ocrx_word' id='word_1_71' title='bbox 635 844 694 905; x_wconf 71' lang='lat' dir='ltr'><strong>ete„</strong></span> <span class='ocrx_word' id='word_1_72' title='bbox 704 845 763 894; x_wconf 81' lang='lat' dir='ltr'><strong>ride</strong></span> <span class='ocrx_word' id='word_1_73' title='bbox 774 845 864 894; x_wconf 84' lang='lat' dir='ltr'><strong>statuta</strong></span> <span class='ocrx_word' id='word_1_74' title='bbox 873 843 923 892; x_wconf 84' lang='lat' dir='ltr'><strong>tuae</strong></span> <span class='ocrx_word' id='word_1_75' title='bbox 934 844 1056 898; x_wconf 86' lang='lat' dir='ltr'><strong>dioeeesis.</strong></span> <span class='ocrx_word' id='word_1_76' title='bbox 1128 861 1129 867; x_wconf 51' lang='lat'>¹</span> 
     </span>
    </p>
   </div>
   <div class='ocr_carea' id='block_1_3' title="bbox 326 909 1400 980">
    <p class='ocr_par' dir='ltr' id='par_1_3' title="bbox 326 909 1400 980">
     <span class='ocr_line' id='line_1_10' title="bbox 326 909 1400 980; baseline 0.008 -20"><span class='ocrx_word' id='word_1_77' title='bbox 326 913 354 960; x_wconf 91' lang='lat' dir='ltr'><strong>ln</strong></span> <span class='ocrx_word' id='word_1_78' title='bbox 363 914 418 971; x_wconf 77' lang='lat' dir='ltr'><strong>iure</strong></span> <span class='ocrx_word' id='word_1_79' title='bbox 429 915 567 974; x_wconf 90' lang='lat' dir='ltr'><strong>puniuntur</strong></span> <span class='ocrx_word' id='word_1_80' title='bbox 586 909 665 961; x_wconf 81' lang='lat' dir='ltr'><strong>sollum</strong></span> <span class='ocrx_word' id='word_1_81' title='bbox 676 913 820 960; x_wconf 81' lang='lat' dir='ltr'><strong>exercentes</strong></span> <span class='ocrx_word' id='word_1_82' title='bbox 837 910 975 960; x_wconf 87' lang='lat' dir='ltr'><strong>Sodomlam</strong></span> <span class='ocrx_word' id='word_1_83' title='bbox 985 914 1119 974; x_wconf 87' lang='lat' dir='ltr'><strong>perlectam</strong></span> <span class='ocrx_word' id='word_1_84' title='bbox 1130 915 1157 964; x_wconf 90' lang='lat' dir='ltr'><strong>et</strong></span> <span class='ocrx_word' id='word_1_85' title='bbox 1171 916 1318 980; x_wconf 74' lang='lat' dir='ltr'><strong>completam</strong></span> <span class='ocrx_word' id='word_1_86' title='bbox 1395 957 1400 961; x_wconf 87' lang='lat'>.</span> 
     </span>
    </p>
   </div>
   <div class='ocr_carea' id='block_1_4' title="bbox 296 976 1378 1732">
    <p class='ocr_par' dir='ltr' id='par_1_4' title="bbox 296 976 1320 1179">
     <span class='ocr_line' id='line_1_11' title="bbox 297 976 1320 1044; baseline 0.009 -17"><span class='ocrx_word' id='word_1_87' title='bbox 297 976 386 1044; x_wconf 78' lang='grc'><strong>[768].</strong></span> <span class='ocrx_word' id='word_1_88' title='bbox 395 983 427 1030; x_wconf 90' lang='lat' dir='ltr'><strong>Ut</strong></span> <span class='ocrx_word' id='word_1_89' title='bbox 437 980 493 1042; x_wconf 74' lang='lat' dir='ltr'><strong>ergo</strong></span> <span class='ocrx_word' id='word_1_90' title='bbox 503 983 643 1030; x_wconf 82' lang='lat' dir='ltr'><strong>incurratur</strong></span> <span class='ocrx_word' id='word_1_91' title='bbox 658 993 730 1040; x_wconf 87' lang='lat' dir='ltr'><strong>poena</strong></span> <span class='ocrx_word' id='word_1_92' title='bbox 741 983 768 1028; x_wconf 92' lang='lat' dir='ltr'><strong>iu</strong></span> <span class='ocrx_word' id='word_1_93' title='bbox 783 981 834 1028; x_wconf 88' lang='lat' dir='ltr'><strong>lore</strong></span> <span class='ocrx_word' id='word_1_94' title='bbox 842 983 962 1040; x_wconf 84' lang='lat' dir='ltr'><strong>externo,</strong></span> <span class='ocrx_word' id='word_1_95' title='bbox 973 983 1108 1042; x_wconf 86' lang='lat' dir='ltr'><strong>requiritur</strong></span> <span class='ocrx_word' id='word_1_96' title='bbox 1120 997 1169 1033; x_wconf 91' lang='lat' dir='ltr'><strong>non</strong></span> <span class='ocrx_word' id='word_1_97' title='bbox 1180 979 1259 1034; x_wconf 85' lang='lat' dir='ltr'><strong>seldin</strong></span> <span class='ocrx_word' id='word_1_98' title='bbox 1272 995 1320 1036; x_wconf 79' lang='lat' dir='ltr'><strong>ne‹</strong></span> 
     </span>
     <span class='ocr_line' id='line_1_12' title="bbox 296 1047 1317 1111; baseline 0.009 -15"><span class='ocrx_word' id='word_1_99' title='bbox 296 1050 410 1111; x_wconf 87' lang='lat' dir='ltr'><strong>torictas,</strong></span> <span class='ocrx_word' id='word_1_100' title='bbox 421 1051 465 1098; x_wconf 86' lang='lat' dir='ltr'><strong>sed</strong></span> <span class='ocrx_word' id='word_1_101' title='bbox 484 1052 584 1098; x_wconf 78' lang='lat' dir='ltr'><strong>actuum</strong></span> <span class='ocrx_word' id='word_1_102' title='bbox 602 1049 750 1110; x_wconf 81' lang='lat' dir='ltr'><strong>frequentia.</strong></span> <span class='ocrx_word' id='word_1_103' title='bbox 760 1051 791 1098; x_wconf 84' lang='lat' dir='ltr'><strong>P.</strong></span> <span class='ocrx_word' id='word_1_104' title='bbox 802 1047 995 1100; x_wconf 79' lang='lat' dir='ltr'><strong>Ant.dderitict.</strong></span> <span class='ocrx_word' id='word_1_105' title='bbox 1014 1052 1105 1102; x_wconf 84' lang='lat' dir='ltr'><strong>Saltem</strong></span> <span class='ocrx_word' id='word_1_106' title='bbox 1124 1053 1194 1102; x_wconf 86' lang='lat' dir='ltr'><strong>aliud</strong></span> <span class='ocrx_word' id='word_1_107' title='bbox 1207 1058 1317 1106; x_wconf 89' lang='lat' dir='ltr'><strong>statuere</strong></span> 
     </span>
     <span class='ocr_line' id='line_1_13' title="bbox 296 1119 650 1179; baseline 0 -15"><span class='ocrx_word' id='word_1_108' title='bbox 296 1123 396 1177; x_wconf 88' lang='lat' dir='ltr'><strong>possunt</strong></span> <span class='ocrx_word' id='word_1_109' title='bbox 407 1121 472 1179; x_wconf 72' lang='lat' dir='ltr'><strong>leges</strong></span> <span class='ocrx_word' id='word_1_110' title='bbox 482 1119 650 1178; x_wconf 82' lang='lat' dir='ltr'><strong>particulares.</strong></span> 
     </span>
    </p>

    <p class='ocr_par' dir='ltr' id='par_1_5' title="bbox 296 1185 1378 1590">
     <span class='ocr_line' id='line_1_14' title="bbox 328 1185 1378 1252; baseline 0.011 -20"><span class='ocrx_word' id='word_1_111' title='bbox 328 1185 362 1248; x_wconf 83' lang='lat' dir='ltr'><strong>(b)</strong></span> <span class='ocrx_word' id='word_1_112' title='bbox 374 1188 488 1234; x_wconf 85' lang='lat' dir='ltr'><strong>Pluribus</strong></span> <span class='ocrx_word' id='word_1_113' title='bbox 497 1187 595 1234; x_wconf 87' lang='lat' dir='ltr'><strong>videtur</strong></span> <span class='ocrx_word' id='word_1_114' title='bbox 604 1185 778 1234; x_wconf 89' lang='lat' dir='ltr'><strong>declarandum</strong></span> <span class='ocrx_word' id='word_1_115' title='bbox 788 1198 842 1234; x_wconf 89' lang='lat' dir='ltr'><strong>esse</strong></span> <span class='ocrx_word' id='word_1_116' title='bbox 853 1187 880 1234; x_wconf 93' lang='lat' dir='ltr'><strong>in</strong></span> <span class='ocrx_word' id='word_1_117' title='bbox 891 1186 1041 1236; x_wconf 80' lang='lat' dir='ltr'><strong>confessione</strong></span> <span class='ocrx_word' id='word_1_118' title='bbox 1053 1187 1233 1240; x_wconf 87' lang='lat' dir='ltr'><strong>circumstantia</strong></span> <span class='ocrx_word' id='word_1_119' title='bbox 1243 1189 1318 1252; x_wconf 75' lang='lat' dir='ltr'><strong>agen·</strong></span> <span class='ocrx_word' id='word_1_120' title='bbox 1373 1235 1378 1244; x_wconf 93' lang='lat'>.</span> 
     </span>
     <span class='ocr_line' id='line_1_15' title="bbox 296 1251 1316 1320; baseline 0.006 -18"><span class='ocrx_word' id='word_1_121' title='bbox 296 1253 328 1302; x_wconf 86' lang='lat' dir='ltr'><strong>tia</strong></span> <span class='ocrx_word' id='word_1_122' title='bbox 338 1257 381 1304; x_wconf 90' lang='lat' dir='ltr'><strong>aut</strong></span> <span class='ocrx_word' id='word_1_123' title='bbox 399 1255 530 1316; x_wconf 88' lang='lat' dir='ltr'><strong>patientis,</strong></span> <span class='ocrx_word' id='word_1_124' title='bbox 544 1257 571 1304; x_wconf 90' lang='lat' dir='ltr'><strong>et</strong></span> <span class='ocrx_word' id='word_1_125' title='bbox 587 1255 609 1302; x_wconf 90' lang='lat' dir='ltr'><strong>si</strong></span> <span class='ocrx_word' id='word_1_126' title='bbox 623 1257 728 1316; x_wconf 85' lang='lat' dir='ltr'><strong>uterque</strong></span> <span class='ocrx_word' id='word_1_127' title='bbox 739 1256 849 1303; x_wconf 87' lang='lat' dir='ltr'><strong>vicissim</strong></span> <span class='ocrx_word' id='word_1_128' title='bbox 868 1268 942 1315; x_wconf 73' lang='lat' dir='ltr'><strong>agens</strong></span> <span class='ocrx_word' id='word_1_129' title='bbox 951 1257 976 1304; x_wconf 92' lang='lat' dir='ltr'><strong>et</strong></span> <span class='ocrx_word' id='word_1_130' title='bbox 990 1257 1086 1317; x_wconf 88' lang='lat' dir='ltr'><strong>patiens</strong></span> <span class='ocrx_word' id='word_1_131' title='bbox 1096 1259 1179 1307; x_wconf 85' lang='lat' dir='ltr'><strong>tuerit.</strong></span> <span class='ocrx_word' id='word_1_132' title='bbox 1190 1251 1316 1320; x_wconf 76' lang='lat' dir='ltr'><strong>Attamen,</strong></span> 
     </span>
     <span class='ocr_line' id='line_1_16' title="bbox 296 1319 1317 1390; baseline 0.008 -20"><span class='ocrx_word' id='word_1_133' title='bbox 296 1319 366 1380; x_wconf 69' lang='lat' dir='ltr'><strong>iuxta</strong></span> <span class='ocrx_word' id='word_1_134' title='bbox 377 1326 492 1384; x_wconf 86' lang='lat' dir='ltr'><strong>Billuart,</strong></span> <span class='ocrx_word' id='word_1_135' title='bbox 504 1324 688 1374; x_wconf 85' lang='lat' dir='ltr'><strong>circumstantia</strong></span> <span class='ocrx_word' id='word_1_136' title='bbox 697 1325 791 1384; x_wconf 72' lang='lat' dir='ltr'><strong>agentis</strong></span> <span class='ocrx_word' id='word_1_137' title='bbox 801 1337 848 1376; x_wconf 88' lang='lat' dir='ltr'><strong>nee</strong></span> <span class='ocrx_word' id='word_1_138' title='bbox 856 1326 936 1374; x_wconf 89' lang='lat' dir='ltr'><strong>mutat</strong></span> <span class='ocrx_word' id='word_1_139' title='bbox 945 1327 1063 1386; x_wconf 88' lang='lat' dir='ltr'><strong>speciem,</strong></span> <span class='ocrx_word' id='word_1_140' title='bbox 1072 1340 1119 1376; x_wconf 88' lang='lat' dir='ltr'><strong>nec</strong></span> <span class='ocrx_word' id='word_1_141' title='bbox 1129 1325 1234 1390; x_wconf 75' lang='lat' dir='ltr'><strong>multum</strong></span> <span class='ocrx_word' id='word_1_142' title='bbox 1243 1329 1317 1390; x_wconf 71' lang='lat' dir='ltr'><strong>auget</strong></span> 
     </span>
     <span class='ocr_line' id='line_1_17' title="bbox 296 1393 1317 1458; baseline 0.007 -19"><span class='ocrx_word' id='word_1_143' title='bbox 296 1393 424 1440; x_wconf 87' lang='lat' dir='ltr'><strong>malitiam.</strong></span> <span class='ocrx_word' id='word_1_144' title='bbox 436 1394 636 1453; x_wconf 82' lang='lat' dir='ltr'><strong>Tutiorpriorum</strong></span> <span class='ocrx_word' id='word_1_145' title='bbox 646 1395 782 1454; x_wconf 81' lang='lat' dir='ltr'><strong>seutentia3</strong></span> <span class='ocrx_word' id='word_1_146' title='bbox 792 1396 817 1442; x_wconf 89' lang='lat' dir='ltr'><strong>et</strong></span> <span class='ocrx_word' id='word_1_147' title='bbox 825 1395 923 1442; x_wconf 90' lang='lat' dir='ltr'><strong>nullum</strong></span> <span class='ocrx_word' id='word_1_148' title='bbox 931 1395 1033 1442; x_wconf 89' lang='lat' dir='ltr'><strong>dubium</strong></span> <span class='ocrx_word' id='word_1_149' title='bbox 1042 1397 1102 1456; x_wconf 89' lang='lat' dir='ltr'><strong>quin</strong></span> <span class='ocrx_word' id='word_1_150' title='bbox 1111 1398 1132 1444; x_wconf 91' lang='lat' dir='ltr'><strong>si</strong></span> <span class='ocrx_word' id='word_1_151' title='bbox 1137 1398 1239 1458; x_wconf 86' lang='lat' dir='ltr'><strong>uterque</strong></span> <span class='ocrx_word' id='word_1_152' title='bbox 1245 1411 1317 1458; x_wconf 73' lang='lat' dir='ltr'><strong>agen·</strong></span> 
     </span>
     <span class='ocr_line' id='line_1_18' title="bbox 296 1461 1317 1531; baseline 0.01 -24"><span class='ocrx_word' id='word_1_153' title='bbox 296 1461 329 1508; x_wconf 90' lang='lat' dir='ltr'><strong>tis</strong></span> <span class='ocrx_word' id='word_1_154' title='bbox 339 1463 364 1508; x_wconf 94' lang='lat' dir='ltr'><strong>et</strong></span> <span class='ocrx_word' id='word_1_155' title='bbox 374 1463 489 1522; x_wconf 87' lang='lat' dir='ltr'><strong>patientis</strong></span> <span class='ocrx_word' id='word_1_156' title='bbox 499 1463 579 1510; x_wconf 85' lang='lat' dir='ltr'><strong>scelus</strong></span> <span class='ocrx_word' id='word_1_157' title='bbox 587 1463 737 1512; x_wconf 88' lang='lat' dir='ltr'><strong>commiserit</strong></span> <span class='ocrx_word' id='word_1_158' title='bbox 758 1463 834 1512; x_wconf 91' lang='lat' dir='ltr'><strong>etiarn</strong></span> <span class='ocrx_word' id='word_1_159' title='bbox 843 1464 897 1512; x_wconf 87' lang='lat' dir='ltr'><strong>siue</strong></span> <span class='ocrx_word' id='word_1_160' title='bbox 907 1463 1087 1514; x_wconf 87' lang='lat' dir='ltr'><strong>intermissione</strong></span> <span class='ocrx_word' id='word_1_161' title='bbox 1096 1467 1209 1531; x_wconf 85' lang='lat' dir='ltr'><strong>notabili,</strong></span> <span class='ocrx_word' id='word_1_162' title='bbox 1223 1467 1317 1517; x_wconf 88' lang='lat' dir='ltr'><strong>crimen</strong></span> 
     </span>
     <span class='ocr_line' id='line_1_19' title="bbox 297 1527 675 1590; baseline 0.008 -15"><span class='ocrx_word' id='word_1_163' title='bbox 297 1527 368 1588; x_wconf 72' lang='lat' dir='ltr'><strong>longe</strong></span> <span class='ocrx_word' id='word_1_164' title='bbox 378 1532 464 1579; x_wconf 89' lang='lat' dir='ltr'><strong>saltem</strong></span> <span class='ocrx_word' id='word_1_165' title='bbox 480 1531 577 1590; x_wconf 64' lang='lat' dir='ltr'><strong>marius</strong></span> <span class='ocrx_word' id='word_1_166' title='bbox 591 1531 675 1579; x_wconf 88' lang='lat' dir='ltr'><strong>luerit.</strong></span> 
     </span>
    </p>

    <p class='ocr_par' dir='ltr' id='par_1_6' title="bbox 297 1599 1316 1732">
     <span class='ocr_line' id='line_1_20' title="bbox 326 1599 1316 1668; baseline 0.007 -22"><span class='ocrx_word' id='word_1_167' title='bbox 326 1599 402 1658; x_wconf 85' lang='lat' dir='ltr'><strong>item,</strong></span> <span class='ocrx_word' id='word_1_168' title='bbox 413 1601 433 1647; x_wconf 90' lang='lat' dir='ltr'><strong>si</strong></span> <span class='ocrx_word' id='word_1_169' title='bbox 444 1601 506 1648; x_wconf 86' lang='lat' dir='ltr'><strong>solas</strong></span> <span class='ocrx_word' id='word_1_170' title='bbox 516 1600 632 1659; x_wconf 88' lang='lat' dir='ltr'><strong>patientis</strong></span> <span class='ocrx_word' id='word_1_171' title='bbox 641 1600 710 1648; x_wconf 85' lang='lat' dir='ltr'><strong>rices</strong></span> <span class='ocrx_word' id='word_1_172' title='bbox 727 1611 815 1660; x_wconf 78' lang='lat' dir='ltr'><strong>gerens</strong></span> <span class='ocrx_word' id='word_1_173' title='bbox 824 1599 901 1648; x_wconf 84' lang='lat' dir='ltr'><strong>tuerit</strong></span> <span class='ocrx_word' id='word_1_174' title='bbox 919 1601 1042 1662; x_wconf 86' lang='lat' dir='ltr'><strong>pollutus,</strong></span> <span class='ocrx_word' id='word_1_175' title='bbox 1058 1601 1107 1652; x_wconf 86' lang='lat' dir='ltr'><strong>hoc</strong></span> <span class='ocrx_word' id='word_1_176' title='bbox 1120 1602 1230 1654; x_wconf 86' lang='lat' dir='ltr'><strong>declaret</strong></span> <span class='ocrx_word' id='word_1_177' title='bbox 1239 1615 1247 1666; x_wconf 80' lang='lat'>3</span> <span class='ocrx_word' id='word_1_178' title='bbox 1257 1601 1316 1668; x_wconf 76' lang='lat' dir='ltr'><strong>pult</strong></span> 
     </span>
     <span class='ocr_line' id='line_1_21' title="bbox 297 1667 1010 1732; baseline 0.004 -18"><span class='ocrx_word' id='word_1_179' title='bbox 297 1667 324 1719; x_wconf 88' lang='lat' dir='ltr'><strong>et</strong></span> <span class='ocrx_word' id='word_1_180' title='bbox 333 1667 447 1720; x_wconf 75' lang='lat' dir='ltr'><strong>sedendis</strong></span> <span class='ocrx_word' id='word_1_181' title='bbox 458 1669 484 1716; x_wconf 92' lang='lat' dir='ltr'><strong>et</strong></span> <span class='ocrx_word' id='word_1_182' title='bbox 492 1669 635 1730; x_wconf 85' lang='lat' dir='ltr'><strong>pollutionis</strong></span> <span class='ocrx_word' id='word_1_183' title='bbox 644 1669 749 1732; x_wconf 86' lang='lat' dir='ltr'><strong>propriae</strong></span> <span class='ocrx_word' id='word_1_184' title='bbox 759 1671 840 1718; x_wconf 87' lang='lat' dir='ltr'><strong>scelus</strong></span> <span class='ocrx_word' id='word_1_185' title='bbox 849 1670 1010 1730; x_wconf 81' lang='lat' dir='ltr'><strong>perpetrarit.</strong></span> 
     </span>
    </p>
   </div>
   <div class='ocr_carea' id='block_1_5' title="bbox 670 1825 938 1876">
    <p class='ocr_par' dir='ltr' id='par_1_7' title="bbox 670 1825 938 1876">
     <span class='ocr_line' id='line_1_22' title="bbox 670 1825 938 1876; baseline -0.011 0"><span class='ocrx_word' id='word_1_186' title='bbox 670 1825 872 1876; x_wconf 68' lang='lat' dir='ltr'><strong>Abdicatus</strong></span> <span class='ocrx_word' id='word_1_187' title='bbox 885 1825 938 1873; x_wconf 80' lang='lat' dir='ltr'><strong>tii.</strong></span> 
     </span>
    </p>
   </div>
   <div class='ocr_carea' id='block_1_6' title="bbox 705 1925 905 2044">
    <p class='ocr_par' dir='ltr' id='par_1_8' title="bbox 705 1925 905 2044">
     <span class='ocr_line' id='line_1_23' title="bbox 705 1925 905 2044; baseline -0.005 -26"><span class='ocrx_word' id='word_1_188' title='bbox 705 1925 905 2044; x_wconf 77' lang='lat' dir='ltr'><strong>Debestiaiitate.</strong></span> 
     </span>
    </p>
   </div>
   <div class='ocr_carea' id='block_1_7' title="bbox 295 2121 1319 2414">
    <p class='ocr_par' dir='ltr' id='par_1_9' title="bbox 295 2121 1319 2414">
     <span class='ocr_line' id='line_1_24' title="bbox 338 2121 1107 2209; baseline -0.004 -12"><span class='ocrx_word' id='word_1_189' title='bbox 338 2131 411 2209; x_wconf 74' lang='lat' dir='ltr'><strong>sot.</strong></span> <span class='ocrx_word' id='word_1_190' title='bbox 431 2125 635 2196; x_wconf 83' lang='lat' dir='ltr'><strong>Honnunnunr</strong></span> <span class='ocrx_word' id='word_1_191' title='bbox 647 2124 707 2193; x_wconf 89' lang='lat' dir='ltr'><strong>hoc</strong></span> <span class='ocrx_word' id='word_1_192' title='bbox 722 2139 769 2194; x_wconf 88' lang='lat' dir='ltr'><strong>est</strong></span> <span class='ocrx_word' id='word_1_193' title='bbox 786 2125 884 2194; x_wconf 90' lang='lat' dir='ltr'><strong>coitus</strong></span> <span class='ocrx_word' id='word_1_194' title='bbox 906 2149 976 2192; x_wconf 90' lang='lat' dir='ltr'><strong>eum</strong></span> <span class='ocrx_word' id='word_1_195' title='bbox 994 2121 1107 2194; x_wconf 78' lang='lat' dir='ltr'><strong>bestia.</strong></span> 
     </span>
     <span class='ocr_line' id='line_1_25' title="bbox 336 2219 1315 2318; baseline 0 -26"><span class='ocrx_word' id='word_1_196' title='bbox 336 2225 392 2292; x_wconf 87' lang='lat' dir='ltr'><strong>Ad</strong></span> <span class='ocrx_word' id='word_1_197' title='bbox 413 2225 495 2318; x_wconf 87' lang='lat' dir='ltr'><strong>quod</strong></span> <span class='ocrx_word' id='word_1_198' title='bbox 514 2223 670 2290; x_wconf 85' lang='lat' dir='ltr'><strong>reducitur</strong></span> <span class='ocrx_word' id='word_1_199' title='bbox 681 2220 860 2288; x_wconf 88' lang='lat' dir='ltr'><strong>concubitus</strong></span> <span class='ocrx_word' id='word_1_200' title='bbox 876 2245 946 2286; x_wconf 89' lang='lat' dir='ltr'><strong>cum</strong></span> <span class='ocrx_word' id='word_1_201' title='bbox 960 2220 1113 2304; x_wconf 86' lang='lat' dir='ltr'><strong>daemone,</strong></span> <span class='ocrx_word' id='word_1_202' title='bbox 1127 2219 1237 2314; x_wconf 83' lang='lat' dir='ltr'><strong>siquis</strong></span> <span class='ocrx_word' id='word_1_203' title='bbox 1251 2219 1315 2292; x_wconf 80' lang='lat' dir='ltr'><strong>fiae.</strong></span> 
     </span>
     <span class='ocr_line' id='line_1_26' title="bbox 295 2315 1319 2414; baseline -0.004 -24"><span class='ocrx_word' id='word_1_204' title='bbox 295 2319 404 2414; x_wconf 89' lang='lat' dir='ltr'><strong>Inque</strong></span> <span class='ocrx_word' id='word_1_205' title='bbox 415 2337 487 2388; x_wconf 84' lang='lat' dir='ltr'><strong>casu</strong></span> <span class='ocrx_word' id='word_1_206' title='bbox 496 2319 622 2386; x_wconf 87' lang='lat' dir='ltr'><strong>affectus</strong></span> <span class='ocrx_word' id='word_1_207' title='bbox 632 2317 672 2382; x_wconf 83' lang='lat' dir='ltr'><strong>ad</strong></span> <span class='ocrx_word' id='word_1_208' title='bbox 682 2331 846 2404; x_wconf 85' lang='lat' dir='ltr'><strong>persenam</strong></span> <span class='ocrx_word' id='word_1_209' title='bbox 856 2339 948 2407; x_wconf 90' lang='lat' dir='ltr'><strong>quam</strong></span> <span class='ocrx_word' id='word_1_210' title='bbox 959 2315 1080 2383; x_wconf 88' lang='lat' dir='ltr'><strong>daemon</strong></span> <span class='ocrx_word' id='word_1_211' title='bbox 1088 2331 1319 2410; x_wconf 83' lang='lat' dir='ltr'><strong>repraesentaret</strong></span> 
     </span>
    </p>
   </div>
   <div class='ocr_carea' id='block_1_8' title="bbox 296 2413 1447 2698">
    <p class='ocr_par' dir='ltr' id='par_1_10' title="bbox 296 2413 1447 2698">
     <span class='ocr_line' id='line_1_27' title="bbox 296 2413 1447 2502; baseline -0.017 -18"><span class='ocrx_word' id='word_1_212' title='bbox 296 2413 474 2484; x_wconf 85' lang='lat' dir='ltr'><strong>bestialitati</strong></span> <span class='ocrx_word' id='word_1_213' title='bbox 486 2413 662 2479; x_wconf 82' lang='lat' dir='ltr'><strong>adderetur.</strong></span> <span class='ocrx_word' id='word_1_214' title='bbox 1236 2467 1241 2474; x_wconf 80' lang='grc'><em>,</em></span> <span class='ocrx_word' id='word_1_215' title='bbox 1284 2471 1287 2478; x_wconf 73' lang='grc'>,</span> <span class='ocrx_word' id='word_1_216' title='bbox 1356 2489 1361 2496; x_wconf 66' lang='lat'><em>,</em></span> <span class='ocrx_word' id='word_1_217' title='bbox 1446 2459 1447 2502; x_wconf 53' lang='lat'>3</span> 
     </span>
     <span class='ocr_line' id='line_1_28' title="bbox 337 2497 1317 2600; baseline -0.011 -23"><span class='ocrx_word' id='word_1_218' title='bbox 337 2509 432 2578; x_wconf 75' lang='lat' dir='ltr'><strong>Unde</strong></span> <span class='ocrx_word' id='word_1_219' title='bbox 457 2505 622 2600; x_wconf 88' lang='lat' dir='ltr'><strong>petendum</strong></span> <span class='ocrx_word' id='word_1_220' title='bbox 636 2509 655 2570; x_wconf 79' lang='lat' dir='ltr'><strong>a</strong></span> <span class='ocrx_word' id='word_1_221' title='bbox 673 2500 868 2569; x_wconf 83' lang='lat' dir='ltr'><strong>bestialitatis</strong></span> <span class='ocrx_word' id='word_1_222' title='bbox 891 2497 1029 2599; x_wconf 80' lang='lat' dir='ltr'><strong>criminis</strong></span> <span class='ocrx_word' id='word_1_223' title='bbox 1043 2526 1117 2591; x_wconf 68' lang='lat' dir='ltr'><strong>reo,</strong></span> <span class='ocrx_word' id='word_1_224' title='bbox 1142 2527 1184 2572; x_wconf 88' lang='lat' dir='ltr'><strong>an</strong></span> <span class='ocrx_word' id='word_1_225' title='bbox 1197 2517 1270 2572; x_wconf 88' lang='lat' dir='ltr'><strong>tune</strong></span> <span class='ocrx_word' id='word_1_226' title='bbox 1286 2517 1317 2572; x_wconf 82' lang='lat' dir='ltr'><strong>et</strong></span> 
     </span>
     <span class='ocr_line' id='line_1_29' title="bbox 296 2593 1327 2698; baseline -0.021 -22"><span class='ocrx_word' id='word_1_227' title='bbox 296 2629 368 2678; x_wconf 88' lang='lat' dir='ltr'><strong>cum</strong></span> <span class='ocrx_word' id='word_1_228' title='bbox 381 2601 467 2698; x_wconf 82' lang='lat' dir='ltr'><strong>quali</strong></span> <span class='ocrx_word' id='word_1_229' title='bbox 479 2598 610 2670; x_wconf 76' lang='lat' dir='ltr'><strong>nutliere</strong></span> <span class='ocrx_word' id='word_1_230' title='bbox 624 2597 739 2667; x_wconf 87' lang='lat' dir='ltr'><strong>coitum</strong></span> <span class='ocrx_word' id='word_1_231' title='bbox 749 2593 974 2680; x_wconf 86' lang='lat' dir='ltr'><strong>intenderit(a).</strong></span> <span class='ocrx_word' id='word_1_232' title='bbox 1180 2609 1183 2613; x_wconf 87' lang='grc'><em>·</em></span> <span class='ocrx_word' id='word_1_233' title='bbox 1322 2607 1327 2617; x_wconf 89' lang='grc'><em>’</em></span> 
     </span>
    </p>
   </div>
   <div class='ocr_carea' id='block_1_9' title="bbox 296 2769 1331 3868">
    <p class='ocr_par' dir='ltr' id='par_1_11' title="bbox 297 2769 1320 3044">
     <span class='ocr_line' id='line_1_30' title="bbox 326 2769 1316 2846; baseline -0.011 -12"><span class='ocrx_word' id='word_1_234' title='bbox 326 2781 364 2846; x_wconf 77' lang='lat' dir='ltr'><strong>(a)</strong></span> <span class='ocrx_word' id='word_1_235' title='bbox 376 2778 451 2832; x_wconf 71' lang='lat' dir='ltr'><strong>luxti</strong></span> <span class='ocrx_word' id='word_1_236' title='bbox 459 2775 562 2842; x_wconf 85' lang='lat' dir='ltr'><strong>multos,</strong></span> <span class='ocrx_word' id='word_1_237' title='bbox 579 2778 747 2845; x_wconf 71' lang='lat' dir='ltr'><strong>Benacinam,</strong></span> <span class='ocrx_word' id='word_1_238' title='bbox 760 2772 886 2836; x_wconf 84' lang='lat' dir='ltr'><strong>sylvium,</strong></span> <span class='ocrx_word' id='word_1_239' title='bbox 906 2772 1025 2834; x_wconf 87' lang='lat' dir='ltr'><strong>Biiluart‚</strong></span> <span class='ocrx_word' id='word_1_240' title='bbox 1035 2773 1123 2824; x_wconf 67' lang='lat' dir='ltr'><strong>theol.</strong></span> <span class='ocrx_word' id='word_1_241' title='bbox 1136 2774 1212 2835; x_wconf 82' lang='lat' dir='ltr'><strong>Pict,</strong></span> <span class='ocrx_word' id='word_1_242' title='bbox 1223 2769 1316 2838; x_wconf 78' lang='lat' dir='ltr'><strong>[rm]</strong></span> 
     </span>
     <span class='ocr_line' id='line_1_31' title="bbox 297 2842 1318 2911; baseline -0.011 -10"><span class='ocrx_word' id='word_1_243' title='bbox 297 2851 387 2911; x_wconf 73' lang='lat' dir='ltr'><strong>(tollet,</strong></span> <span class='ocrx_word' id='word_1_244' title='bbox 398 2854 457 2910; x_wconf 79' lang='lat' dir='ltr'><strong>etc„</strong></span> <span class='ocrx_word' id='word_1_245' title='bbox 465 2862 514 2898; x_wconf 90' lang='lat' dir='ltr'><strong>nen</strong></span> <span class='ocrx_word' id='word_1_246' title='bbox 524 2851 561 2898; x_wconf 88' lang='lat' dir='ltr'><strong>est</strong></span> <span class='ocrx_word' id='word_1_247' title='bbox 570 2844 708 2896; x_wconf 79' lang='lat' dir='ltr'><strong>necessario</strong></span> <span class='ocrx_word' id='word_1_248' title='bbox 717 2844 862 2892; x_wconf 87' lang='lat' dir='ltr'><strong>declaranda</strong></span> <span class='ocrx_word' id='word_1_249' title='bbox 868 2844 964 2904; x_wconf 85' lang='lat' dir='ltr'><strong>species</strong></span> <span class='ocrx_word' id='word_1_250' title='bbox 973 2842 1068 2903; x_wconf 82' lang='lat' dir='ltr'><strong>bestiae,</strong></span> <span class='ocrx_word' id='word_1_251' title='bbox 1076 2845 1134 2904; x_wconf 89' lang='lat' dir='ltr'><strong>quia</strong></span> <span class='ocrx_word' id='word_1_252' title='bbox 1146 2845 1171 2892; x_wconf 94' lang='lat' dir='ltr'><strong>id</strong></span> <span class='ocrx_word' id='word_1_253' title='bbox 1180 2857 1229 2892; x_wconf 89' lang='lat' dir='ltr'><strong>uon</strong></span> <span class='ocrx_word' id='word_1_254' title='bbox 1239 2844 1318 2891; x_wconf 90' lang='lat' dir='ltr'><strong>mutat</strong></span> 
     </span>
     <span class='ocr_line' id='line_1_32' title="bbox 297 2908 1320 2980; baseline -0.01 -13"><span class='ocrx_word' id='word_1_255' title='bbox 297 2921 405 2980; x_wconf 85' lang='lat' dir='ltr'><strong>speciem</strong></span> <span class='ocrx_word' id='word_1_256' title='bbox 415 2921 442 2966; x_wconf 87' lang='lat' dir='ltr'><strong>in</strong></span> <span class='ocrx_word' id='word_1_257' title='bbox 450 2930 540 2978; x_wconf 70' lang='lat' dir='ltr'><strong>genere</strong></span> <span class='ocrx_word' id='word_1_258' title='bbox 551 2917 639 2974; x_wconf 86' lang='lat' dir='ltr'><strong>moris,</strong></span> <span class='ocrx_word' id='word_1_259' title='bbox 650 2926 696 2960; x_wconf 90' lang='lat' dir='ltr'><strong>nec</strong></span> <span class='ocrx_word' id='word_1_260' title='bbox 707 2908 813 2960; x_wconf 89' lang='lat' dir='ltr'><strong>multdm</strong></span> <span class='ocrx_word' id='word_1_261' title='bbox 822 2914 951 2973; x_wconf 64' lang='lat' dir='ltr'><strong>aggravat,</strong></span> <span class='ocrx_word' id='word_1_262' title='bbox 961 2913 1024 2972; x_wconf 87' lang='lat' dir='ltr'><strong>nisi,</strong></span> <span class='ocrx_word' id='word_1_263' title='bbox 1034 2913 1105 2962; x_wconf 90' lang='lat' dir='ltr'><strong>aiunt</strong></span> <span class='ocrx_word' id='word_1_264' title='bbox 1114 2909 1278 2974; x_wconf 84' lang='lat' dir='ltr'><strong>aliqui,&#39;aded</strong></span> <span class='ocrx_word' id='word_1_265' title='bbox 1287 2910 1320 2958; x_wconf 85' lang='lat' dir='ltr'><strong>sit</strong></span> 
     </span>
     <span class='ocr_line' id='line_1_33' title="bbox 297 2979 1030 3044; baseline -0.01 -10"><span class='ocrx_word' id='word_1_266' title='bbox 297 2986 393 3034; x_wconf 84' lang='lat' dir='ltr'><strong>sordida</strong></span> <span class='ocrx_word' id='word_1_267' title='bbox 401 2984 510 3044; x_wconf 88' lang='lat' dir='ltr'><strong>species,</strong></span> <span class='ocrx_word' id='word_1_268' title='bbox 520 2984 550 3032; x_wconf 92' lang='lat' dir='ltr'><strong>ut</strong></span> <span class='ocrx_word' id='word_1_269' title='bbox 559 2985 692 3030; x_wconf 89' lang='lat' dir='ltr'><strong>immanem</strong></span> <span class='ocrx_word' id='word_1_270' title='bbox 704 2981 804 3029; x_wconf 85' lang='lat' dir='ltr'><strong>denotet</strong></span> <span class='ocrx_word' id='word_1_271' title='bbox 819 2979 959 3028; x_wconf 85' lang='lat' dir='ltr'><strong>libidinem.</strong></span> <span class='ocrx_word' id='word_1_272' title='bbox 977 3039 979 3044; x_wconf 68' lang='lat'><strong>,</strong></span> <span class='ocrx_word' id='word_1_273' title='bbox 1028 3027 1030 3032; x_wconf 77' lang='grc'>,</span> 
     </span>
    </p>

    <p class='ocr_par' dir='ltr' id='par_1_12' title="bbox 296 3038 1321 3258">
     <span class='ocr_line' id='line_1_34' title="bbox 327 3038 1321 3112; baseline -0.011 -11"><span class='ocrx_word' id='word_1_274' title='bbox 327 3053 375 3102; x_wconf 84' lang='lat' dir='ltr'><strong>Sed</strong></span> <span class='ocrx_word' id='word_1_275' title='bbox 384 3065 465 3112; x_wconf 87' lang='lat' dir='ltr'><strong>noque</strong></span> <span class='ocrx_word' id='word_1_276' title='bbox 475 3064 564 3110; x_wconf 77' lang='lat' dir='ltr'><strong>sexus,</strong></span> <span class='ocrx_word' id='word_1_277' title='bbox 575 3062 656 3110; x_wconf 88' lang='lat' dir='ltr'><strong>neque</strong></span> <span class='ocrx_word' id='word_1_278' title='bbox 667 3062 710 3098; x_wconf 85' lang='lat' dir='ltr'><strong>ras</strong></span> <span class='ocrx_word' id='word_1_279' title='bbox 720 3046 857 3098; x_wconf 83' lang='lat' dir='ltr'><strong>necessario</strong></span> <span class='ocrx_word' id='word_1_280' title='bbox 868 3047 1027 3108; x_wconf 87' lang='lat' dir='ltr'><strong>declaranda,</strong></span> <span class='ocrx_word' id='word_1_281' title='bbox 1039 3047 1153 3108; x_wconf 75' lang='lat' dir='ltr'><strong>laquata.</strong></span> <span class='ocrx_word' id='word_1_282' title='bbox 1161 3046 1217 3094; x_wconf 78' lang='lat' dir='ltr'><strong>Ant.</strong></span> <span class='ocrx_word' id='word_1_283' title='bbox 1226 3038 1240 3090; x_wconf 75' lang='lat' dir='ltr'><strong>l</strong></span> <span class='ocrx_word' id='word_1_284' title='bbox 1248 3045 1321 3092; x_wconf 78' lang='lat' dir='ltr'><strong>Geri-</strong></span> 
     </span>
     <span class='ocr_line' id='line_1_35' title="bbox 296 3107 1320 3172; baseline -0.01 0"><span class='ocrx_word' id='word_1_285' title='bbox 296 3120 332 3172; x_wconf 84' lang='lat' dir='ltr'><strong>us</strong></span> <span class='ocrx_word' id='word_1_286' title='bbox 342 3115 425 3171; x_wconf 73' lang='lat' dir='ltr'><strong>contri</strong></span> <span class='ocrx_word' id='word_1_287' title='bbox 435 3120 547 3168; x_wconf 81' lang='lat' dir='ltr'><strong>Lacroix.</strong></span> <span class='ocrx_word' id='word_1_288' title='bbox 557 3119 648 3166; x_wconf 88' lang='lat' dir='ltr'><strong>Saltem</strong></span> <span class='ocrx_word' id='word_1_289' title='bbox 666 3117 721 3166; x_wconf 82' lang='lat' dir='ltr'><strong>rard</strong></span> <span class='ocrx_word' id='word_1_290' title='bbox 732 3119 812 3167; x_wconf 82' lang='lat' dir='ltr'><strong>coitus</strong></span> <span class='ocrx_word' id='word_1_291' title='bbox 821 3117 849 3167; x_wconf 87' lang='lat' dir='ltr'><strong>tit</strong></span> <span class='ocrx_word' id='word_1_292' title='bbox 858 3115 1001 3168; x_wconf 76' lang='lat' dir='ltr'><strong>sodomitice</strong></span> <span class='ocrx_word' id='word_1_293' title='bbox 1011 3129 1068 3164; x_wconf 87' lang='lat' dir='ltr'><strong>cum</strong></span> <span class='ocrx_word' id='word_1_294' title='bbox 1078 3112 1156 3162; x_wconf 76' lang='lat' dir='ltr'><strong>bestii</strong></span> <span class='ocrx_word' id='word_1_295' title='bbox 1172 3107 1280 3158; x_wconf 81' lang='lat' dir='ltr'><strong>femellt.</strong></span> <span class='ocrx_word' id='word_1_296' title='bbox 1292 3112 1320 3162; x_wconf 88' lang='lat' dir='ltr'><strong>Si</strong></span> 
     </span>
     <span class='ocr_line' id='line_1_36' title="bbox 296 3187 1241 3258; baseline -0.013 -18"><span class='ocrx_word' id='word_1_297' title='bbox 296 3203 355 3240; x_wconf 90' lang='lat' dir='ltr'><strong>cum</strong></span> <span class='ocrx_word' id='word_1_298' title='bbox 365 3202 442 3249; x_wconf 89' lang='lat' dir='ltr'><strong>mare,</strong></span> <span class='ocrx_word' id='word_1_299' title='bbox 454 3200 580 3236; x_wconf 89' lang='lat' dir='ltr'><strong>censerem</strong></span> <span class='ocrx_word' id='word_1_300' title='bbox 590 3199 646 3234; x_wconf 90' lang='lat' dir='ltr'><strong>cum</strong></span> <span class='ocrx_word' id='word_1_301' title='bbox 657 3187 770 3235; x_wconf 88' lang='lat' dir='ltr'><strong>Lacroix.</strong></span> <span class='ocrx_word' id='word_1_302' title='bbox 1095 3205 1098 3211; x_wconf 96' lang='lat'>·</span> <span class='ocrx_word' id='word_1_303' title='bbox 1126 3244 1241 3258; x_wconf 28' lang='lat'><strong>&#39;&#39;&#39;&#39;</strong></span> 
     </span>
    </p>

    <p class='ocr_par' dir='ltr' id='par_1_13' title="bbox 296 3244 1331 3667">
     <span class='ocr_line' id='line_1_37' title="bbox 326 3244 1320 3312; baseline -0.011 -6"><span class='ocrx_word' id='word_1_304' title='bbox 326 3260 387 3306; x_wconf 86' lang='lat' dir='ltr'><strong>Nota</strong></span> <span class='ocrx_word' id='word_1_305' title='bbox 398 3272 405 3304; x_wconf 78' lang='lat' dir='ltr'><strong>s</strong></span> <span class='ocrx_word' id='word_1_306' title='bbox 416 3258 452 3306; x_wconf 85' lang='lat' dir='ltr'><strong>De</strong></span> <span class='ocrx_word' id='word_1_307' title='bbox 468 3255 617 3304; x_wconf 84' lang='lat' dir='ltr'><strong>bestialitate</strong></span> <span class='ocrx_word' id='word_1_308' title='bbox 629 3253 701 3305; x_wconf 79' lang='lat' dir='ltr'><strong>caute</strong></span> <span class='ocrx_word' id='word_1_309' title='bbox 711 3256 755 3304; x_wconf 91' lang='lat' dir='ltr'><strong>sed</strong></span> <span class='ocrx_word' id='word_1_310' title='bbox 764 3250 847 3303; x_wconf 85' lang='lat' dir='ltr'><strong>tamen</strong></span> <span class='ocrx_word' id='word_1_311' title='bbox 861 3262 958 3312; x_wconf 88' lang='lat' dir='ltr'><strong>semper</strong></span> <span class='ocrx_word' id='word_1_312' title='bbox 970 3245 1134 3304; x_wconf 75' lang='lat' dir='ltr'><strong>interrogandi</strong></span> <span class='ocrx_word' id='word_1_313' title='bbox 1143 3244 1243 3293; x_wconf 87' lang='lat' dir='ltr'><strong>lrbrdrm</strong></span> <span class='ocrx_word' id='word_1_314' title='bbox 1253 3247 1320 3296; x_wconf 91' lang='lat' dir='ltr'><strong>mul·</strong></span> 
     </span>
     <span class='ocr_line' id='line_1_38' title="bbox 297 3315 1321 3398; baseline -0.014 -20"><span class='ocrx_word' id='word_1_315' title='bbox 297 3323 365 3386; x_wconf 80' lang='lat' dir='ltr'><strong>tum,</strong></span> <span class='ocrx_word' id='word_1_316' title='bbox 377 3327 403 3374; x_wconf 89' lang='lat' dir='ltr'><strong>et</strong></span> <span class='ocrx_word' id='word_1_317' title='bbox 408 3320 474 3386; x_wconf 75' lang='lat' dir='ltr'><strong>saepe</strong></span> <span class='ocrx_word' id='word_1_318' title='bbox 484 3326 560 3372; x_wconf 90' lang='lat' dir='ltr'><strong>etiam</strong></span> <span class='ocrx_word' id='word_1_319' title='bbox 577 3319 664 3386; x_wconf 80' lang='lat' dir='ltr'><strong>partim</strong></span> <span class='ocrx_word' id='word_1_320' title='bbox 683 3325 775 3384; x_wconf 91' lang='lat' dir='ltr'><strong>dediti,</strong></span> <span class='ocrx_word' id='word_1_321' title='bbox 787 3324 847 3382; x_wconf 87' lang='lat' dir='ltr'><strong>quia</strong></span> <span class='ocrx_word' id='word_1_322' title='bbox 855 3321 956 3366; x_wconf 82' lang='lat' dir='ltr'><strong>istarum</strong></span> <span class='ocrx_word' id='word_1_323' title='bbox 966 3316 1049 3394; x_wconf 72' lang='lat' dir='ltr'><strong>plures</strong></span> <span class='ocrx_word' id='word_1_324' title='bbox 1063 3315 1186 3364; x_wconf 74' lang='lat' dir='ltr'><strong>aetianam</strong></span> <span class='ocrx_word' id='word_1_325' title='bbox 1195 3315 1259 3398; x_wconf 75' lang='lat' dir='ltr'><strong>illud</strong></span> <span class='ocrx_word' id='word_1_326' title='bbox 1268 3316 1321 3364; x_wconf 88' lang='lat' dir='ltr'><strong>sul-</strong></span> 
     </span>
     <span class='ocr_line' id='line_1_39' title="bbox 296 3383 1319 3462; baseline -0.013 -17"><span class='ocrx_word' id='word_1_327' title='bbox 296 3397 410 3446; x_wconf 73' lang='lat' dir='ltr'><strong>ficienter</strong></span> <span class='ocrx_word' id='word_1_328' title='bbox 430 3395 457 3442; x_wconf 90' lang='lat' dir='ltr'><strong>in</strong></span> <span class='ocrx_word' id='word_1_329' title='bbox 475 3393 612 3453; x_wconf 88' lang='lat' dir='ltr'><strong>pollutione</strong></span> <span class='ocrx_word' id='word_1_330' title='bbox 623 3393 752 3442; x_wconf 86' lang='lat' dir='ltr'><strong>declarari.</strong></span> <span class='ocrx_word' id='word_1_331' title='bbox 770 3383 873 3462; x_wconf 64' lang='lat' dir='ltr'><strong>Aliunde</strong></span> <span class='ocrx_word' id='word_1_332' title='bbox 883 3385 943 3444; x_wconf 91' lang='lat' dir='ltr'><strong>quot</strong></span> <span class='ocrx_word' id='word_1_333' title='bbox 960 3383 1175 3444; x_wconf 79' lang='lat' dir='ltr'><strong>inveniunturqui</strong></span> <span class='ocrx_word' id='word_1_334' title='bbox 1190 3383 1319 3436; x_wconf 83' lang='lat' dir='ltr'><strong>cumillud</strong></span> 
     </span>
     <span class='ocr_line' id='line_1_40' title="bbox 296 3449 1319 3518; baseline -0.015 -4"><span class='ocrx_word' id='word_1_335' title='bbox 296 3465 375 3514; x_wconf 88' lang='lat' dir='ltr'><strong>semel</strong></span> <span class='ocrx_word' id='word_1_336' title='bbox 384 3463 427 3510; x_wconf 89' lang='lat' dir='ltr'><strong>aut</strong></span> <span class='ocrx_word' id='word_1_337' title='bbox 437 3457 528 3512; x_wconf 85' lang='lat' dir='ltr'><strong>iterdm</strong></span> <span class='ocrx_word' id='word_1_338' title='bbox 539 3461 717 3518; x_wconf 81' lang='lat' dir='ltr'><strong>commiserint,</strong></span> <span class='ocrx_word' id='word_1_339' title='bbox 736 3459 816 3505; x_wconf 79' lang='lat' dir='ltr'><strong>forsan</strong></span> <span class='ocrx_word' id='word_1_340' title='bbox 827 3453 905 3501; x_wconf 91' lang='lat' dir='ltr'><strong>solum</strong></span> <span class='ocrx_word' id='word_1_341' title='bbox 915 3451 942 3498; x_wconf 89' lang='lat' dir='ltr'><strong>in</strong></span> <span class='ocrx_word' id='word_1_342' title='bbox 957 3449 1037 3511; x_wconf 77' lang='lat' dir='ltr'><strong>primi</strong></span> <span class='ocrx_word' id='word_1_343' title='bbox 1047 3451 1226 3514; x_wconf 78' lang='lat' dir='ltr'><strong>adolescentia,</strong></span> <span class='ocrx_word' id='word_1_344' title='bbox 1240 3454 1269 3502; x_wconf 83' lang='lat' dir='ltr'><strong>et</strong></span> <span class='ocrx_word' id='word_1_345' title='bbox 1276 3464 1319 3514; x_wconf 89' lang='lat' dir='ltr'><strong>pc·</strong></span> 
     </span>
     <span class='ocr_line' id='line_1_41' title="bbox 296 3519 1320 3594; baseline -0.012 -12"><span class='ocrx_word' id='word_1_346' title='bbox 296 3530 347 3584; x_wconf 82' lang='lat' dir='ltr'><strong>tide</strong></span> <span class='ocrx_word' id='word_1_347' title='bbox 358 3545 391 3582; x_wconf 78' lang='lat' dir='ltr'><strong>ex</strong></span> <span class='ocrx_word' id='word_1_348' title='bbox 401 3531 506 3594; x_wconf 80' lang='lat' dir='ltr'><strong>quadam</strong></span> <span class='ocrx_word' id='word_1_349' title='bbox 516 3527 623 3592; x_wconf 79' lang='lat' dir='ltr'><strong>pueritit</strong></span> <span class='ocrx_word' id='word_1_350' title='bbox 640 3525 713 3590; x_wconf 80' lang='lat' dir='ltr'><strong>quam</strong></span> <span class='ocrx_word' id='word_1_351' title='bbox 728 3538 760 3573; x_wconf 85' lang='lat' dir='ltr'><strong>ex</strong></span> <span class='ocrx_word' id='word_1_352' title='bbox 767 3520 926 3580; x_wconf 80' lang='lat' dir='ltr'><strong>vehementi,</strong></span> <span class='ocrx_word' id='word_1_353' title='bbox 935 3532 1009 3582; x_wconf 89' lang='lat' dir='ltr'><strong>quarn</strong></span> <span class='ocrx_word' id='word_1_354' title='bbox 1019 3519 1142 3571; x_wconf 74' lang='lat' dir='ltr'><strong>ordinarie</strong></span> <span class='ocrx_word' id='word_1_355' title='bbox 1150 3523 1279 3584; x_wconf 86' lang='lat' dir='ltr'><strong>supponit,</strong></span> <span class='ocrx_word' id='word_1_356' title='bbox 1290 3522 1320 3570; x_wconf 91' lang='lat' dir='ltr'><strong>li·</strong></span> 
     </span>
     <span class='ocr_line' id='line_1_42' title="bbox 296 3589 1331 3667; baseline -0.015 -17"><span class='ocrx_word' id='word_1_357' title='bbox 296 3601 436 3661; x_wconf 90' lang='lat' dir='ltr'><strong>bidine,de</strong></span> <span class='ocrx_word' id='word_1_358' title='bbox 445 3601 488 3648; x_wconf 88' lang='lat' dir='ltr'><strong>illo</strong></span> <span class='ocrx_word' id='word_1_359' title='bbox 499 3595 636 3648; x_wconf 78' lang='lat' dir='ltr'><strong>diutissime</strong></span> <span class='ocrx_word' id='word_1_360' title='bbox 647 3600 674 3646; x_wconf 94' lang='lat' dir='ltr'><strong>in</strong></span> <span class='ocrx_word' id='word_1_361' title='bbox 684 3592 834 3643; x_wconf 76' lang='lat' dir='ltr'><strong>confessione</strong></span> <span class='ocrx_word' id='word_1_362' title='bbox 844 3589 953 3638; x_wconf 80' lang='lat' dir='ltr'><strong>taceant.</strong></span> <span class='ocrx_word' id='word_1_363' title='bbox 1074 3600 1079 3609; x_wconf 93' lang='grc'><strong><em>·</em></strong></span> <span class='ocrx_word' id='word_1_364' title='bbox 1152 3628 1158 3638; x_wconf 95' lang='grc'><strong><em>.</em></strong></span> <span class='ocrx_word' id='word_1_365' title='bbox 1327 3625 1331 3667; x_wconf 47' lang='lat'>3</span> 
     </span>
    </p>

    <p class='ocr_par' dir='ltr' id='par_1_14' title="bbox 297 3654 1318 3868">
     <span class='ocr_line' id='line_1_43' title="bbox 325 3654 1315 3728; baseline -0.012 -10"><span class='ocrx_word' id='word_1_366' title='bbox 325 3654 1315 3728; x_wconf 70' lang='lat' dir='ltr'><strong>Grimenbocsaepdpoenisdeiactononsubjaeet,qniasaepbexapuodamlior-</strong></span> 
     </span>
     <span class='ocr_line' id='line_1_44' title="bbox 297 3723 1318 3792; baseline -0.012 -6"><span class='ocrx_word' id='word_1_367' title='bbox 297 3737 617 3792; x_wconf 86' lang='lat' dir='ltr'><strong>rcrenonconsummatur,</strong></span> <span class='ocrx_word' id='word_1_368' title='bbox 627 3732 671 3780; x_wconf 86' lang='lat' dir='ltr'><strong>sed</strong></span> <span class='ocrx_word' id='word_1_369' title='bbox 688 3741 774 3779; x_wconf 90' lang='lat' dir='ltr'><strong>semen</strong></span> <span class='ocrx_word' id='word_1_370' title='bbox 784 3723 855 3778; x_wconf 73' lang='lat' dir='ltr'><strong>extra</strong></span> <span class='ocrx_word' id='word_1_371' title='bbox 868 3727 953 3778; x_wconf 77' lang='lat' dir='ltr'><strong>mnus</strong></span> <span class='ocrx_word' id='word_1_372' title='bbox 962 3728 1117 3777; x_wconf 87' lang='lat' dir='ltr'><strong>libidinosus.</strong></span> <span class='ocrx_word' id='word_1_373' title='bbox 1128 3725 1179 3776; x_wconf 84' lang='lat' dir='ltr'><strong>imd</strong></span> <span class='ocrx_word' id='word_1_374' title='bbox 1197 3738 1247 3774; x_wconf 87' lang='lat' dir='ltr'><strong>non</strong></span> <span class='ocrx_word' id='word_1_375' title='bbox 1263 3723 1318 3774; x_wconf 80' lang='lat' dir='ltr'><strong>aaut</strong></span> 
     </span>
     <span class='ocr_line' id='line_1_45' title="bbox 298 3794 1318 3868; baseline -0.013 -12"><span class='ocrx_word' id='word_1_376' title='bbox 298 3805 381 3866; x_wconf 75' lang='lat' dir='ltr'><strong>medio</strong></span> <span class='ocrx_word' id='word_1_377' title='bbox 390 3806 437 3863; x_wconf 78' lang='lat' dir='ltr'><strong>boc</strong></span> <span class='ocrx_word' id='word_1_378' title='bbox 447 3807 527 3867; x_wconf 77' lang='lat' dir='ltr'><strong>utitur</strong></span> <span class='ocrx_word' id='word_1_379' title='bbox 536 3802 566 3859; x_wconf 86' lang='lat' dir='ltr'><strong>ad</strong></span> <span class='ocrx_word' id='word_1_380' title='bbox 577 3799 732 3868; x_wconf 61' lang='lat' dir='ltr'><strong>escitandam</strong></span> <span class='ocrx_word' id='word_1_381' title='bbox 741 3798 918 3864; x_wconf 81' lang='lat' dir='ltr'><strong>pollutionem,</strong></span> <span class='ocrx_word' id='word_1_382' title='bbox 926 3795 1082 3858; x_wconf 71' lang='lat' dir='ltr'><strong>siueiatlectu</strong></span> <span class='ocrx_word' id='word_1_383' title='bbox 1090 3797 1121 3847; x_wconf 87' lang='lat' dir='ltr'><strong>ad</strong></span> <span class='ocrx_word' id='word_1_384' title='bbox 1135 3794 1318 3848; x_wconf 83' lang='lat' dir='ltr'><strong>bestialitatem.</strong></span> 
     </span>
    </p>
   </div>
   <div class='ocr_carea' id='block_1_10' title="bbox 988 3917 994 3948">
    <p class='ocr_par' dir='ltr' id='par_1_15' title="bbox 988 3917 994 3948">
     <span class='ocr_line' id='line_1_46' title="bbox 988 3917 994 3948; baseline 0 0"><span class='ocrx_word' id='word_1_385' title='bbox 988 3917 994 3948; x_wconf 86' lang='lat' dir='ltr'><strong>l</strong></span> 
     </span>
    </p>
   </div>
   <div class='ocr_carea' id='block_1_11' title="bbox 0 0 1470 4658">
    <p class='ocr_par' dir='ltr' id='par_1_16' title="bbox 0 0 1470 4658">
     <span class='ocr_line' id='line_1_47' title="bbox 0 0 1470 4658; baseline 0 0"><span class='ocrx_word' id='word_1_386' title='bbox 0 0 1470 4658; x_wconf 95' lang='lat' dir='ltr'><strong> </strong></span> 
     </span>
    </p>
   </div>
  </div>
 </body>
</html>
