2932 4658
248 239 330 310 -322
522 259 574 310 nu
596 254 763 322 Qururo
786 251 1022 308 remouere

274 338 323 410 ‘tol
338 343 374 396 (tlr
383 339 484 410 pravam
502 333 619 404 ellorendl
636 343 680 390 aut
689 333 841 400 ‘acceptaudl
855 341 932 390 duelli
946 337 1113 400 voluntatem,
1132 337 1285 390 absolutione

257 413 352 476 indignl
362 415 418 464 aunt
428 413 539 474 plerique
550 411 597 460 vlrl
608 410 736 457 militares.
747 411 833 469 Balita.
845 406 929 466 Certe,
940 420 968 455 ac
978 403 1082 468 proinde
1094 407 1230 456 lislortiter
1242 421 1286 459 ex-

260 483 370 542 ponenda
379 481 456 530 duelli
466 480 585 540 paritas,
599 478 788 538 periculumque
805 489 849 538 pro
860 473 911 524 rltl
924 474 1016 523 eterut
1031 474 1109 536 magis
1120 470 1200 522 adhrle
1211 473 1285 535 quarn

260 561 304 607 pro
314 547 442 610 praesenti,
456 547 571 606 omnique
581 546 673 594 meliro
683 545 731 592 alie
742 545 893 592 contortaudi
906 544 981 602 tales,
992 556 1024 590 ue
1035 543 1066 590 de
1077 545 1166 606 caetero
1177 544 1237 606 quid
1254 545 1285 591 sl-

260 621 319 668 rnile
330 619 443 668 audeaut.
452 621 529 676 Dens,
539 619 583 678 qui
591 617 659 664 addit
670 614 679 678 (
689 619 714 666 ct
723 613 774 674 iim
785 613 833 666 hdc
844 615 991 663 inclinantes
998 615 1051 662 vldi
1067 616 1131 663 notae
1141 616 1212 663 honae
1227 629 1285 663 eon-

259 688 370 735 fessarlos
380 687 389 748 )
401 698 451 734 uon
466 686 623 745 expedirent
642 685 804 732 confessarius
816 685 898 742 exigat
917 683 1073 743 singulariter
1090 685 1115 730 ct
1135 681 1283 730 nominatim

258 755 369 802 duellum
389 749 515 812 nunquam
530 752 672 811 acceptandl
694 753 846 812 propositum
865 747 878 798 i
899 751 952 798 viro
971 750 1074 798 militari
1094 749 1236 798 totocorde
1255 751 1285 798 ad

260 823 338 870 Deum
348 822 481 870 revertenti
500 821 525 868 et
545 821 653 868 facinora
672 822 816 879 gravissima
836 819 976 877 conlitenti,
997 819 1128 878 duellaque
1148 817 1219 866 lasso.
1242 820 1284 867 Ast

260 890 343 946 praxis
353 889 404 936 hac
415 901 471 935 cunr
481 888 610 947 principiis
621 888 651 935 de
663 887 818 941 contritione.
825 883 926 936 diflicilt
937 886 1096 946 conciliatur,
1107 885 1195 948 saltem
1207 886 1228 934 si
1244 887 1283 936 vir

260 959 303 1006 ille
314 958 346 1007 sit
356 958 435 1007 adhuc
445 957 527 1018 duello
539 957 675 1017 expositus·

608 1103 868 1154 trruuulctltl
882 1105 935 1152 lli.

612 1243 649 1292 lle
663 1243 806 1302 defensione
817 1239 933 1294 oecisirt.

295 1365 373 1458 'stt
388 1363 732 1456 communitas-docent
743 1337 862 1491 licere,
888 1413 946 1481 pro
964 1383 1079 1456 tuendi
1092 1385 1218 1483 proprii
1231 1405 1283 1456 aut

259 1482 393 1577 proximi
411 1483 490 1563 vita,
519 1481 661 1549 occidere
674 1483 821 1574 injustum
844 1508 1061 1574 aggressorem
1081 1483 1170 1570 vite,
1196 1501 1282 1564 actu,

259 1576 417 1644 moraliter
429 1575 810 1668 loqueud0‚invadentem
826 1579 890 1663 (a).
1239 1636 1243 1642 .

260 1711 262 1714 ·
300 1671 368 1738 imo
390 1669 489 1736 solum
511 1669 720 1752 mutilorum,
747 1671 773 1738 si
789 1697 825 1739 ex
848 1670 1043 1762 mutilatione
1063 1672 1151 1768 sequi
1174 1673 1284 1742 debeat

259 1787 343 1830 mors
357 1778 409 1830 aut
424 1765 488 1850 ejus
502 1763 675 1856 periculum
687 1766 874 1861 proximum.

300 1855 399 1924 Modo
412 1871 533 1938 tamen,
549 1857 582 1923 in
596 1855 644 1926 his
660 1860 780 1926 casibus
793 1874 948 1942 servetur,
972 1873 1006 1926 ut
1018 1859 1121 1941 aiunt,
1141 1861 1285 1928 modera-

259 1975 331 2018 men
343 1949 504 2042 inculpatae
518 1951 621 2020 tutelae
636 1985 643 2032 ;

235 2061 244 2080 ·
301 2043 344 2112 Et
366 2044 590 2122 uis'iin'va'soris
604 2047 669 2114 vita
694 2045 734 2113 sit
746 2045 828 2114 bono
851 2045 1007 2128 communi
1021 2045 1111 2113 valde
1123 2044 1226 2129 utilis,
1251 2046 1285 2113 in

260 2164 321 2232 quo
331 2153 435 2208 tamen
445 2164 517 2208 casu
528 2165 591 2208 uon
601 2145 708 2209 contra
718 2141 953 2230 justitiam,sed
961 2143 1067 2208 contra
1078 2139 1192 2206 bonum
1204 2165 1285 2207 com·

259 2260 350 2302 mune
363 2250 556 2328 peccaretur.
1018 2271 1020 2275 ·
1271 2237 1279 2248 '

301 2330 348 2396 Ut
372 2344 475 2396 autem
503 2343 642 2400 servetur
667 2331 867 2399 moderamen
890 2330 1052 2439 inculpatae
1076 2329 1198 2410 tutelae,
1230 2327 1285 2396 ira·

259 2423 376 2498 tenda,
391 2449 453 2490 non
465 2423 627 2503 vindictae,
643 2423 698 2490 sed
712 2423 783 2489 vitae
797 2426 957 2492 servande
971 2424 1119 2504 rutentio;
1142 2449 1199 2492 nec
1213 2423 1283 2503 plis

260 2517 434 2586 faciendum
447 2521 540 2608 quam
554 2517 594 2582 ad
607 2514 668 2582 hoo
680 2540 805 2582 necesse
815 2519 875 2599 (h).

301 2611 388 2705 Ergd
402 2610 568 2705 requiritur
578 2623 612 2677 ut
625 2633 687 2676 non
700 2609 762 2676 alia
775 2610 843 2690 vit,
859 2609 948 2701 fugi,
964 2637 1002 2696 v.¹
1013 2639 1067 2703 g.,
1083 2611 1219 2682 invasori
1233 2615 1283 2682 de·

260 2705 447 2789 bilitatioue‚
463 2721 540 2791 etc„
554 2703 618 2772 vita
632 2704 806 2772 conservari
820 2705 927 2799 possit.
942 2705 1036 2774 Unde
1051 2709 1122 2776 rard
1134 2707 1186 2778 hie
1199 2709 1283 2778 abest

261 2802 360 2870 omnis
374 2801 475 2892 culpa.

301 2895 387 2962 Mal'e
407 2910 526 2978 tamen,
549 2917 587 2962 ex
601 2919 637 2962 eo
652 2895 735 2986 quod
754 2895 794 2962 ael
813 2896 908 2963 vitam
928 2895 1037 2964 saltem
1050 2898 1210 2993 propriam
1225 2900 1284 2984 (c)

261 2988 501 3054 conservandam
517 2987 647 3082 quisque
660 3002 816 3071 teneatur,
831 2989 1064 3059 concluderetur
1080 2992 1226 3083 obligatio
1240 2995 1285 3059 in·

144 3097 155 3110 ⁸
260 3105 403 3148 vesorem
414 3079 563 3169 injustum
577 3082 753 3162 occidendi;
775 3107 839 3150 nou
862 3085 1003 3154 occidere
1027 3086 1108 3154 enim
1131 3100 1176 3152 est
1196 3101 1282 3153 actus

260 3173 396 3246 mrtutis.

301 3269 422 3364 Excipe
434 3286 555 3355 tamen,
571 3272 599 3342 si
609 3271 733 3343 invasus
743 3272 783 3342 sit
792 3274 874 3342 bono
888 3271 1041 3342 communi
1053 3286 1105 3340 aut
1114 3269 1178 3340 suis
1191 3272 1283 3345 valde

261 3365 357 3437 Utilis·

302 3459 346 3530 Et
360 3459 498 3556 exciped
511 3459 649 3544 fortiori,
676 3462 701 3529 si
715 3462 874 3556 proximus
888 3463 973 3553 cujus
996 3459 1060 3530 vita
1073 3458 1186 3552 injuste
1201 3464 1284 3533 inva-

263 3555 363 3639 ditur,
378 3556 418 3623 sit
432 3557 464 3622 in
472 3555 582 3625 iisdem
597 3556 848 3640 circumstantiis,
864 3573 915 3626 aut
925 3556 965 3625 sit
976 3584 1105 3653 persona
1120 3559 1206 3647 eujus
1220 3561 1283 3627 vita

262 3649 434 3736 specialiter
445 3649 569 3718 defendi
580 3651 703 3736 debeat,
713 3668 746 3720 ut
757 3669 856 3746 pater,
870 3668 946 3732 elc.;
961 3669 1033 3721 tuuc
1046 3653 1127 3721 enirn
1141 3653 1202 3720 vila
1215 3652 1281 3739 ejus

263 3740 391 3827 tuenda,
409 3745 542 3851 manime
553 3745 582 3815 si
594 3746 628 3814 in
641 3757 765 3842 peccato
774 3747 1052 3844 ¹mortaliexislere
1067 3755 1281 3844 'cognomentum¹
