2932 4658
669 221 683 249 Q

290 303 362 382 '302
422 403 427 410 ὴ
550 327 603 380 nu
625 320 801 394 ooanro
821 319 1057 378 rumcnrro

331 411 421 506 Ergo
441 410 601 490 evanuisse
618 411 742 496 videtur
761 410 919 480 distinctio
931 411 1086 480 bonorum
1100 407 1320 498 castrensium,

291 509 612 604 quasieastrcusium,
623 509 866 580 adientitiorum
880 523 911 576 ct
931 505 1193 604 profectitiorum

782 687 799 756 5
808 691 829 740 t.

495 841 975 933 Deiniuslllilsfillomm-familiaserssa
983 846 1111 908 parentes.
1168 908 1175 918 ·

332 1010 406 1075 338.
424 1005 685 1075 Ἑιιωε-ἷειιηὶἰίἓε
698 1005 819 1072 furatur
832 1003 1026 1099 parentibus,
1042 1003 1114 1072 clim
1132 999 1199 1074 sine
1212 1031 1321 1078 eorum

290 1125 456 1185 consensu,
473 1103 586 1171 'saltem
600 1099 824 1168 rationabiliter
839 1115 868 1167 et
887 1102 987 1181 certo,
1002 1124 1065 1168 non
1074 1105 1148 1169 vero
1158 1102 1320 1176 fantastice

289 1213 495 1292 praesumpto,
508 1195 620 1292 accipit
631 1195 750 1288 aliquid
762 1197 800 1263 de
819 1221 927 1262 eorum
937 1194 1028 1263 honis
1039 1249 1046 1278 ‚
1059 1212 1112 1263 aut
1125 1197 1164 1264 de
1176 1198 1237 1266 suis
1251 1201 1321 1293 qui-

246 1375 249 1380 ,
289 1293 382 1375 dem,
402 1295 458 1362 sed
479 1319 611 1386 quorum
632 1290 747 1359 hahent
764 1289 1008 1375 usumfructum,
1024 1291 1086 1360 nisi
1104 1291 1197 1362 tacite
1207 1293 1319 1365 saltem

288 1408 378 1456 usum
391 1385 526 1456 fiuctrun
539 1387 620 1456 hunc
631 1385 817 1456 dimiserint.
1292 1441 1294 1452 .

332 1485 396 1554 Sed
407 1485 568 1553 restituere
578 1481 900 1567 uentenebitur,nisi
911 1485 1062 1575 quantiam
1079 1483 1224 1556 valuisset
1231 1510 1319 1557 usus·

289 1579 420 1648 fructus
987 1615 990 1622 ·

332 1676 522 1743 Consensum
532 1689 634 1742 autem
644 1673 742 1768 patris
757 1671 926 1766 prudenter
937 1673 1096 1768 praesumit
1108 1674 1209 1759 filius,
1225 1679 1316 1761 edm,

288 1770 354 1859 jam
376 1785 527 1862 provectae
544 1769 660 1850 aetatis,
676 1767 796 1860 aliquid
817 1767 930 1860 accipit
951 1769 991 1836 ad
1014 1793 1086 1838 usus
1105 1769 1264 1856 honestos,
1283 1773 1318 1842 in

289 1864 402 1958 quibus
413 1862 684 1960 comprehenditur
694 1863 845 1932 recreatio
856 1889 1002 1955 congrua.

225 1982 235 2003 ⁰
329 1960 405 2031 Non
426 1978 531 2029 tamen
553 1959 675 2028 facilirls
699 1958 752 2028 hic
768 1959 896 2028 habenae
917 1961 1075 2045 laxandae,
1100 1975 1130 2029 et
1149 1961 1317 2056 aliquando

289 2073 472 2126 excusantur
483 2056 583 2139 facta,
599 2081 667 2150 quae
679 2055 824 2124 facienda
833 2055 885 2124 vix
899 2058 1038 2150 permitti
1050 2058 1230 2152 potuissent.
1264 2066 1268 2074 ‘

329 2151 374 2220 Et
384 2168 491 2222 notant
508 2149 561 2218 hlc
586 2155 703 2245 passim
719 2149 922 2243 quantitatem
934 2177 993 2245 pro
1006 2152 1089 2220 furto
1103 2151 1227 2220 mortali
1241 2158 1318 2247 erga

287 2265 430 2343 parentes
446 2247 497 2330 (ui
517 2249 556 2313 de
578 2273 684 2314 eorum
698 2247 855 2314 voluntate
872 2251 979 2314 contra
989 2251 1128 2335 constet)
1139 2271 1231 2342 quarn
1242 2255 1317 2342 erga

289 2358 450 2410 extraneos
463 2341 553 2434 paullo
567 2341 685 2434 requiri
698 2341 749 2410 vel
763 2341 860 2410 multo
882 2343 1050 2434 majorem,
1075 2371 1113 2412 cx
1135 2360 1316 2440 paupertate

288 2436 338 2506 vel
359 2437 494 2519 divitiis,
517 2438 681 2506 tenacitate
703 2436 754 2504 vel
778 2437 983 2518 liberalitate,
1002 2441 1116 2507 affeetu
1133 2440 1317 2510 velindiffc-

287 2533 388 2604 rentid
396 2548 560 2626 parentum
568 2548 599 2600 et
608 2557 676 2616 usu,
689 2533 738 2602 cui
749 2535 820 2602 data
832 2549 877 2602 est
884 2559 934 2602 res
945 2533 1058 2617 ablata,
1070 2535 1314 2628 dijudicandam.

748 2653 864 2672 ᾖπει--

329 2719 402 2806 339.
428 2713 514 2781 Cirnr
532 2729 674 2808 parentes
696 2712 769 2782 filiis
796 2739 949 2782 summam
980 2715 1132 2783 dederunt
1158 2715 1313 2801 absolute,

286 2837 376 2880 usum
393 2810 427 2878 in
440 2808 621 2904 particulari
630 2808 751 2876 nullum
765 2809 1000 2878 determinando
1011 2865 1019 2894 ‚
1031 2812 1086 2880 sed
1097 2811 1197 2880 solum
1207 2813 1316 2908 praeci-¹

286 2905 401 3003 piendo
424 2905 457 2971 in
470 2931 582 2996 genere
604 2905 784 2987 honestum,
808 2932 871 2974 non
884 2907 1006 2976 luratur
1020 2908 1100 2977 filius
1116 2909 1229 2978 camin
1242 2933 1315 2978 usus

286 3024 397 3081 vanos,
415 2999 466 3066 vel
485 3000 578 3067 etiam
597 2999 696 3068 malos
720 3003 924 3096 impendens,
949 3003 1022 3096 quia
1045 3004 1315 3096 perdonationem

285 3093 458 3165 absolutam
472 3093 570 3163 factus
581 3112 626 3164 est
639 3095 723 3164 illius
735 3095 889 3165 dominus.

328 3189 443 3274 Secus,
462 3190 489 3262 si
509 3191 567 3259 suh
584 3193 758 3260 conditione
780 3193 872 3262 etiam
888 3191 997 3274 tacitd,
1011 3214 1105 3279 ug„
1124 3189 1166 3256 ad
1192 3188 1313 3283 pensio·

272 3309 357 3372 *nem
370 3285 419 3354 vel
432 3285 493 3354 alia
506 3287 679 3356 necessaria
689 3288 750 3373 (o).

315 3462 352 3528 (a)
365 3466 427 3514 Hinc
438 3467 588 3517 concludunt
595 3464 769 3524 collet‚theol.
781 3463 907 3521 Pietate,
917 3462 956 3518 et,
967 3460 1114 3523 ueterem,
1125 3461 1215 3516 merito
1223 3498 1231 3526 ,
1240 3465 1313 3514 scho-

235 3530 236 3533 ’
283 3534 398 3584 tosticum
408 3537 439 3584 ad
449 3537 630 3586 restitutionem
639 3533 733 3591 teneri,
746 3527 804 3580 crlm
824 3545 869 3593 per
878 3532 986 3581 notabile
1006 3533 1104 3594 tempus
1114 3529 1192 3586 otiose
1201 3536 1228 3584 et
1237 3530 1251 3584 a
1261 3535 1312 3584 for-

283 3603 342 3655 t'rori
362 3602 493 3656 libidinose
514 3607 586 3654 vixit.

325 3757 399 3842 34οι
416 3761 487 3830 Nec
497 3763 617 3827 furatur
627 3749 697 3824 cum
708 3756 820 3852 accipit
830 3759 915 3854 quod
934 3785 971 3829 ex
991 3759 1099 3829 labore
1114 3776 1144 3828 et
1157 3758 1311 3828 industria

284 3857 427 3947 rejunctis
441 3857 575 3924 lucratus
587 3852 674 3922 estin
685 3853 778 3923 domo
789 3859 935 3952 paterna,
946 3856 1006 3934 nisi
1018 3857 1096 3926 illud
1107 3858 1248 3950 expresse
1260 3855 1310 3924 vel
