2990 4672
270 413 276 420 .
391 400 393 402 ,
555 335 613 390 ns
631 337 855 394 eneceris.
1156 323 1221 415 ¹47

240 419 464 493 Voluntarium
476 424 549 513 verb
562 424 778 519 imperfectum
797 426 877 499 illud
889 427 1034 521 estquod
1047 431 1224 522 procedite

197 517 353 620 voluntate
367 543 438 585 cerm
450 518 632 610 imperfecte
650 524 824 616 cognitione
838 538 869 592 et
881 523 1118 595 deliberatione.

238 611 827 689 lsmc'sufficientervidesvolemtarium
837 619 1223 715 explicitumessequendd

194 706 282 780 clare
295 744 303 780 ε
321 728 352 782 et
364 713 549 803 implicitum
562 717 688 810 mundo
701 717 834 787 obstrue
844 717 985 788 volmes
997 717 1156 810 cognoscit
1168 719 1223 788 oh·

197 809 313 897 jectum
330 809 475 878 volitum.
703 836 705 840 ·

646 899 764 919 μ

241 1003 313 1069 172.
342 975 565 1044 Vohmtarium
588 1001 767 1070 expressum
787 977 865 1046 illud
880 994 927 1046 est
947 977 1032 1072 qnod
1047 979 1152 1052 verbis
1167 997 1221 1052 aut

194 1070 293 1162 signis
306 1069 376 1140 aliis
390 1095 571 1139 consensum
584 1072 826 1164 significantibus
847 1075 1030 1166 exprimitur
1044 1107 1052 1154 ;

238 1165 388 1234 Tacitum
400 1168 475 1235 vero
496 1169 598 1257 quod,
628 1167 825 1236 exfactoaut
848 1168 923 1237 lecti
947 1169 1113 1239 omissione
1126 1163 1221 1238 colli-

151 1345 154 1350 Δ
195 1259 281 1352 gitur
303 1277 355 1330 aut
370 1263 579 1352 presumitur.
608 1263 647 1332 ln
660 1261 721 1332 hoc
743 1263 916 1332 voluntario
938 1265 1088 1334 fundatur
1111 1263 1221 1358 regula
1304 1264 1311 1278 ’

195 1353 273 1443 juris
290 1384 298 1423 ε
317 1359 382 1446 ριιὶ
391 1367 476 1426 tacet
488 1358 664 1426 consentire
676 1359 818 1437 vedetio,
843 1359 1001 1452 supposito
1014 1375 1118 1430 tamen
1134 1362 1220 1454 quod

196 1467 306 1540 agatur
320 1453 359 1520 de
373 1479 408 1522 re
420 1451 535 1520 tacenti
547 1451 729 1537 favorabili,
756 1477 819 1522 non
831 1458 905 1522 vero
919 1453 981 1546 ipsi
994 1456 1124 1524 onerosd
1131 1505 1153 1543 ‚-
1166 1469 1220 1526 aut

196 1545 282 1640 qued
292 1563 430 1618 teneatur
444 1563 473 1618 et
486 1547 583 1643 possit
593 1547 680 1641 loqui
689 1547 741 1618 vel
754 1549 977 1618 contradicere.

242 1720 313 1808 173.
339 1713 560 1784 voluntarium
585 1715 755 1800 directum,
776 1714 861 1810 quod
881 1712 936 1786 elii
956 1714 1165 1786 voluntarium
1185 1719 1219 1788 in

195 1835 230 1880 se
253 1838 307 1882 seu
319 1809 451 1881 formale
471 1813 645 1908 appellent,
661 1811 739 1883 illud
753 1829 881 1908 estque
898 1839 948 1883 res
965 1814 1000 1881 in
1020 1839 1053 1883 se
1074 1818 1219 1910 expresse

194 1906 385 1988 intenditur;
1001 1957 1005 1962 ,

236 2001 427 2072 Indirectum
439 2005 531 2086 rer'o,
549 2028 603 2072 seu
616 2001 823 2070 voluntarium
842 2003 875 2069 in
889 1995 998 2082 causi,
1017 2003 1103 2095 quod
1121 2003 1219 2096 aliqui

194 2091 460 2191 interpretativum
473 2111 602 2181 vocant,
619 2096 699 2166 illud
712 2120 775 2206 (pro
789 2095 836 2164 rei
850 2120 945 2164 causa
955 2096 1141 2180 intenditur,
1160 2097 1219 2166 etsi

193 2191 298 2262 forsan
311 2218 360 2262 res
374 2194 414 2260 sit
428 2197 536 2262 contra
549 2191 714 2261 voluntatis
724 2190 971 2260 inclinationem.

235 2287 291 2354 Ad
311 2285 517 2362 voluntarium
541 2287 692 2354 directum
717 2285 856 2354 revocari
880 2309 970 2380 posse
993 2281 1115 2352 videtur
1136 2281 1218 2354 illud

194 2383 280 2472 quod
335 2383 419 2452 idam
434 2384 601 2476 positivum
615 2381 787 2475 appellant,
805 2384 889 2476 quod
903 2385 1015 2475 nemp'e
1028 2385 1048 2447 a
1062 2379 1218 2452 voluntate

193 2499 251 2568 per
262 2407 410 2545 induturum
424 2478 540 2547 realem
557 2477 699 2572 procedit
713 2478 830 2546 direct‘c
845 2477 894 2545 vel
908 2477 1070 2544 indirecte.
1159 2557 1165 2568 Ι

233 2571 278 2642 Et
296 2574 337 2642 ad
371 2573 576 2658 indirectum,
594 2573 672 2641 illud
687 2573 771 2666 quod
793 2573 972 2664 negativum
994 2571 1117 2653 dicunt,
1132 2573 1151 2638 ai
1164 2597 1218 2640 vo·

193 2666 309 2737 luntete
320 2695 383 2736 non
403 2672 573 2762 procedens
587 2669 713 2762 quidem
726 2695 782 2762 per
794 2669 943 2744 ,influxum
960 2665 1092 2748 realem,
1108 2667 1163 2734 sed
1172 2683 1217 2735 ta-

192 2789 266 2832 men
279 2767 320 2832 ab
334 2767 370 2832 ed
382 2766 537 2858 pendens,
566 2781 600 2832 ut
625 2766 751 2833 omissio
766 2766 868 2833 missae
888 2765 929 2833 ab
946 2790 983 2832 eo
1001 2763 1056 2857 qui
1082 2763 1217 2831 sonitum

194 2881 351 2950 campanae
377 2859 505 2928 audiens
530 2857 675 2928 ultimum
690 2859 823 2955 prandio
849 2885 883 2930 se
905 2859 1050 2956 accingit,
1074 2859 1216 2952 quarnvis
1270 2908 1273 2914 ι

184 2959 256 3022 ‘non
271 2953 375 3020 dicat:
391 2953 473 3020 Nolo
485 2954 588 3021 missoe
604 2953 760 3022 assistere.

234 3048 282 3117 Ut
292 3063 406 3132 autem,
422 3053 494 3116 cum
504 3049 604 3142 agitur
616 3051 654 3118 de
664 3049 811 3144 peccatis,
828 3049 952 3120 effectus
966 3049 1066 3119 malus
1077 3075 1115 3119 ex
1125 3053 1237 3120 ceusl

190 3143 365 3212 voluntarid
379 3145 549 3237 procedens
564 3145 604 3213 ad
614 3161 773 3240 peccatum
785 3145 967 3240 imputetur,
981 3143 1095 3215 sufficit
1111 3162 1146 3213 ut
1162 3145 1216 3214 illc

193 3241 320 3312 effectus
335 3239 375 3307 sit
389 3241 590 3309 essentialiter
604 3267 675 3310 cnm
690 3242 781 3312 cause
794 3242 991 3330 conjunctus;
1008 3243 1216 3310 meditamen

192 3335 340 3404 connexio
354 3332 409 3404 illa
420 3351 620 3429 cognoscatur
634 3335 827 3432 aliqualiter,
849 3335 899 3405 vel
913 3337 1055 3430 cognosci
1067 3333 1164 3431 possit
1185 3353 1216 3406 et

192 3428 327 3517 debeat(
349 3433 374 3518 ).
1042 3490 1046 3496 .

213 3526 216 3530 ’
234 3526 300 3594 Sed
319 3528 346 3596 si
364 3528 489 3598 effectus
501 3527 602 3597 malus
615 3529 727 3597 nonsit
740 3523 942 3596 essentialiter
957 3551 1028 3596 cum
1041 3527 1133 3591 causd
1144 3549 1214 3591 con·

192 3621 332 3712 junctus,
351 3623 414 3690 tria
438 3623 635 3716 requinmtur
648 3639 683 3692 ut
697 3623 738 3692 ad
758 3627 921 3716 peccatum
935 3621 1125 3715 imputetur,
1148 3617 1214 3688 sive

191 3741 249 3810 per
265 3741 313 3795 se,
336 3717 402 3788 sive
414 3741 471 3810 per
484 3715 626 3786 accidens
639 3733 796 3810 sequatur.

237 3816 267 3878 1⁰
280 3809 328 3880 Ut
342 3810 469 3880 effectus
493 3809 564 3888 ille,
584 3827 637 3878 aut
654 3814 719 3902 ejus
738 3801 1149 3906 periculum'prevjdeatur,
1161 3807 1213 3882 vel

191 3903 793 4006 humano,mudoprevideri1>⁰⁵sit(b)·
1059 3977 1099 4018 ιο.
