2932 4658
272 53 296 104 b

330 270 403 364 384
466 293 519 348 nn
539 293 725 350 superno
746 293 798 348 er
818 293 980 351 urcino
1001 298 1238 356 ermenero

369 382 458 454 Nola
472 383 589 470 ¹iteriun
606 411 613 448 :
630 381 812 474 Ignorantia
828 364 985 454 vincibilis
1005 385 1071 456 sive
1080 385 1174 477 juris,
1185 387 1253 458 sive
1268 386 1367 472 sacti,

328 483 433 574 utpote
449 479 563 546 bonam
576 477 673 546 fidem
690 477 822 563 tollens,
837 481 1102 576 praescriptionem
1115 483 1261 578 impedit.

369 576 437 644 lmt
460 575 571 642 docent
593 570 797 667 communiter
816 576 1023 669 ignorantiam
1037 579 1130 648 etiam
1146 577 1368 649 invincibilem

323 672 403 763 juris
417 667 528 738 saltem
542 669 620 738 certi
637 687 668 739 et
692 671 843 742 evidentis
860 672 1126 768 praescriptionem
1144 675 1257 744 saltem
1271 675 1369 744 ordi-

325 763 445 834 nariam
453 763 669 858 impedire(c).

364 860 410 930 lle
431 862 548 930 honam
561 863 656 930 iidem
675 860 775 945 tollit,
790 864 841 930 vel
852 863 957 958 potiris
979 861 1095 932 malam
1109 867 1256 962 supponit
1273 893 1369 938 error

324 983 388 1041 quo
397 958 468 1053 quis
479 958 650 1028 creditnon
661 959 755 1028 licere
765 957 826 1027 sibi
836 960 1040 1052 praescribere
1057 961 1091 1030 id
1103 966 1189 1055 quod
1201 966 1367 1059 possidet.

215 1135 221 1144 ι
325 1055 381 1125 Sic
392 1055 516 1125 aliunde
527 1053 632 1126 statuit
649 1053 720 1138 lex,
736 1059 817 1138 313,
832 1061 848 1136 ἓ
861 1054 892 1122 si
891 1054 976 1146 sur,
988 1058 1025 1125 ff.
1044 1058 1083 1126 de
1100 1060 1366 1156 usucapionibus.

354 1223 390 1289 (a)
402 1225 580 1286 liestrlngends
589 1225 674 1274 tamen
682 1225 735 1274 llaec
744 1224 809 1284 iuris
818 1225 900 1276 civilis
910 1227 1072 1288 dispositioro
1079 1229 1099 1277 ll
1107 1229 1174 1280 suffit
1181 1243 1229 1291 qne
1239 1232 1267 1279 la
1277 1232 1369 1280 bonne

322 1311 337 1339 υ
348 1296 382 1344 toi
392 1295 428 1344 ait
436 1294 516 1344 existe
527 1309 561 1344 au
570 1296 681 1344 moment
690 1296 721 1343 de
730 1294 912 1358 l’acquisitiou(
924 1297 985 1346 2269
995 1295 1015 1360 ).
1024 1299 1132 1347 »Nomai
1141 1301 1168 1348 in
1176 1300 1287 1349 decursu
1299 1303 1370 1350 tem·

321 1366 389 1428 ports
399 1367 430 1416 ad
439 1366 649 1428 praescribendum
659 1366 787 1427 requisiti,
796 1365 938 1416 advertatur
948 1380 1002 1415 rem
1011 1379 1064 1416 esse
1075 1368 1191 1429 alienam,
1201 1371 1368 1418 restituenda

322 1437 368 1485 est.
379 1428 458 1485 lli'ter
468 1439 613 1497 sequeretur
630 1432 697 1494 quod
707 1437 825 1494 extunc,
844 1435 942 1484 etiamsi
953 1447 1001 1484 una
1010 1431 1107 1484 tantum
1121 1437 1174 1484 dies
1185 1438 1268 1499 elapsa
1281 1437 1368 1486 fuerit

321 1507 352 1554 ab
363 1505 425 1554 initi
435 1505 602 1566 possessione,
617 1515 658 1552 res
667 1504 771 1551 retineri
785 1505 868 1564 posset
877 1499 954 1564 usque
965 1504 997 1552 ad
1007 1505 1104 1565 tempus
1113 1519 1158 1566 pro
1169 1505 1367 1567 praescriptione

321 1577 482 1637 requisitum,
491 1576 517 1623 et
527 1573 592 1635 qubd
612 1574 671 1622 tunc
686 1569 797 1633 legitime
814 1573 879 1622 toret
893 1573 1036 1634 praescripta
1045 1607 1054 1633 ‚
1064 1575 1130 1636 quod
1139 1575 1300 1634 intolerabile
1313 1575 1365 1623 est.
1430 1609 1432 1618 ,

320 1646 365 1693 llae
375 1641 432 1704 ergt
443 1646 468 1693 et
478 1645 572 1692 similes
584 1643 649 1702 iuris
659 1641 741 1690 civilis
752 1641 924 1703 dispositiones
930 1641 1015 1689 valent
1024 1639 1103 1690 solim
1114 1655 1159 1703 pro
1172 1643 1224 1691 toro
1236 1645 1365 1702 externo;

318 1711 360 1772 tus
370 1713 439 1761 enim
449 1713 522 1760 aliter
532 1711 752 1770 statuere'neqult,
764 1723 820 1758 curn
830 1710 894 1758 bona
904 1710 965 1758 ides
976 1709 1075 1770 p'robari
1085 1723 1134 1758 non
1152 1713 1242 1773 possit,
1254 1713 1284 1760 et
1293 1713 1366 1760 mala

320 1777 432 1840 difficili.
443 1781 615 1837 presumitur,
624 1792 656 1826 ne
667 1780 713 1826 sub
723 1779 848 1838 praetextu
858 1781 929 1828 malm
944 1779 1003 1844 liqei
1013 1780 1127 1828 turbetur
1135 1793 1209 1828 verus
1219 1793 1365 1841 possessor.

350 1849 394 1895 list
403 1848 465 1906 quid
483 1847 503 1894 si
524 1847 579 1905 post
593 1847 732 1892 inchoatum
743 1845 807 1891 bont
821 1846 870 1892 fide
882 1847 908 1892 et
923 1846 976 1891 sine
987 1846 1063 1892 dubio
1074 1847 1254 1906 possessionem
1265 1863 1366 1911 super-

316 1915 404 1964 veniat
422 1912 540 1962 dubium?
550 1913 644 1972 lnquiri
665 1912 740 1958 debet
750 1912 882 1970 diligenter
892 1913 997 1970 veritas,
1009 1913 1035 1958 et
1048 1914 1069 1958 si
1085 1925 1134 1958 non
1150 1916 1366 1974 deprehendatur

318 1996 373 2032 rem
384 1997 438 2034 esse
449 1982 618 2042 alienam,aut
627 1981 715 2028 saltem
723 1980 749 2026 id
757 1991 806 2027 non
814 1979 939 2038 iudicetur
947 1977 1191 2041 prouiliirsduxta
1200 1987 1365 2034 communio-

318 2067 373 2104 rem
391 2054 539 2102 sententiam
559 2051 664 2100 retineri
678 2051 774 2112 potest,
795 2051 852 2110 quia
864 2050 891 2096 in
910 2049 985 2098 dubio
1004 2063 1049 2098 seu
1061 2053 1116 2112 pari
1134 2053 1206 2100 coust
1224 2056 1363 2104 meliorest

318 2125 417 2176 condito
423 2123 573 2186 possidentis,-
584 2119 632 2168 nisi
644 2120 724 2166 lorsan
735 2119 826 2167 habeat
834 2119 1050 2180 praesumptionem
1055 2117 1118 2177 juris
1127 2115 1210 2168 contri
1218 2133 1254 2168 se.
1265 2123 1361 2172 Tribu-

317 2194 399 2255 nalia,
411 2194 486 2242 etlam
506 2189 608 2252 probato
624 2189 713 2248 dubio,
724 2201 778 2236 rem
789 2185 856 2236 certt
875 2187 1046 2246 adiudicarent
1059 2189 1206 2250 possessori,
1225 2188 1283 2238 eum
1294 2205 1360 2253 sup-

317 2264 429 2322 ponatur
439 2261 543 2309 dubium
552 2259 632 2308 solum
643 2258 894 2319 supervenisseinitae
910 2257 1071 2320 possessioui3
1081 2258 1125 2306 sed
1143 2259 1276 2308 boeotiam
1291 2261 1359 2309 tuuc

318 2328 468 2390 autumpno
477 2318 530 2378 iore
540 2328 644 2376 externo
654 2329 750 2376 valeret
765 2327 875 2376 forsitan.

347 2399 456 2446 Credunt
466 2409 566 2458 omues,
577 2399 613 2446 alt
622 2398 735 2458 Billuart,
752 2409 779 2444 se
787 2409 859 2458 posse
877 2393 931 2444 tuta
943 2393 1094 2444 eonscientit
1104 2395 1215 2446 retinere
1224 2395 1290 2458 quod
1301 2393 1357 2445 sibi

318 2465 415 2528 cogniti
426 2465 512 2526 causi,
522 2462 536 2514 *a
545 2467 711 2516 tribunalibus
721 2466 932 2525 adjudicaturusic
943 2463 1014 2526 erqb,
1026 2465 1094 2514 addit
1104 2466 1146 2515 hic
1157 2466 1257 2526 doctus,
1267 2465 1356 2527 potest

316 2549 442 2599 possessor
451 2536 499 2584 sibi
509 2531 604 2583 retlexe
615 2531 1017 2595 formareeonscienuampracuct
1026 2536 1120 2584 certam
1130 2547 1138 2582 r
1150 2531 1285 2583 secundum
1293 2535 1355 2593 jura

317 2605 438 2666 possessio
448 2603 511 2654 boni
522 2604 570 2653 tide
580 2603 694 2652 inchoata
705 2603 743 2650 est
754 2603 831 2662 ratio,
843 2603 930 2650 saltem
945 2603 972 2650 ln
984 2603 1060 2651 dubio
1073 2597 1274 2664 superveniente,
1296 2614 1354 2651 rem

318 2673 365 2722 sibi
376 2673 500 2722 retinendi
510 2685 517 2733 ς
527 2670 584 2733 erqo
595 2673 622 2719 ln
639 2671 694 2733 pari
711 2671 786 2720 dubio
806 2671 958 2732 probabilius
968 2673 1007 2720 est
1017 2681 1050 2719 ex
1065 2671 1118 2733 ipsi
1132 2672 1283 2732 possessione
1294 2683 1354 2733 pos·

317 2755 437 2791 sessorem
448 2754 502 2791 eme
512 2742 641 2790 dominum
650 2741 688 2789 rel
699 2752 773 2801 quam
783 2741 903 2802 possidet.
912 2740 961 2788 Sed
971 2740 1069 2788 licitum
1079 2742 1117 2790 est
1130 2741 1201 2802 sequi
1212 2741 1296 2803 quod(
1307 2753 1353 2789 no·

317 2813 432 2862 tabiliter
443 2811 452 2874 )
463 2812 616 2874 probabilius
630 2811 676 2858 est.
693 2807 769 2870 ergo,
784 2812 833 2859 ete.
848 2811 910 2872 Sed,
922 2811 1045 2872 quidquid
1059 2811 1092 2860 sit
1102 2811 1133 2858 de
1144 2811 1190 2860 hoc
1205 2811 1351 2872 ratiocinio,

316 2893 366 2934 nou
374 2882 458 2930 movet
468 2879 575 2928 multum
585 2879 651 2942 quod
663 2878 732 2926 addit
741 2879 859 2940 Billuart,
869 2876 959 2940 nempe
970 2892 1019 2927 non
1034 2881 1113 2928 solere
1131 2879 1244 2928 homiues
1254 2893 1299 2928 sna
1309 2893 1352 2928 re·

317 2949 445 3010 linquere,
455 2961 503 2998 nec
513 2949 595 2997 virum
605 2947 710 3008 probum
721 2947 851 3008 acquirere
861 2949 1041 3008 possessiouem
1058 2948 1112 2997 aine
1122 2961 1182 3000 rero
1192 2950 1278 3010 titulo;
1289 2949 1351 3011 quia

317 3017 370 3064 baec
381 3019 541 3077 exceptiones
550 3030 600 3064 nou
609 3029 699 3078 paucas
715 3017 767 3076 pati
778 3017 904 3068 videntur.

346 3086 373 3135 Si
382 3089 466 3140 tamen
476 3086 579 3134 dubium
597 3087 776 3146 superveniens
796 3099 870 3148 grave
882 3088 916 3136 sit
928 3087 954 3135 ct
973 3085 1116 3149 probabile,
1127 3085 1192 3148 quod
1203 3086 1288 3135 excuti
1299 3099 1349 3135 non

316 3153 409 3216 possit,
421 3156 522 3204 censent
532 3155 602 3215 Soto,
612 3155 702 3214 Collet,
714 3155 803 3217 Bailly,
812 3155 935 3216 steyaert,
946 3157 1028 3214 Dens,
1039 3157 1145 3204 Bourier
1154 3167 1208 3204 rem
1218 3167 1272 3202 esse
1283 3155 1350 3204 diri·

316 3225 507 3285 dendam‚quia
516 3223 676 3286 praesumptio
685 3224 749 3282 iuris
758 3219 798 3283 jus
808 3237 858 3273 non
868 3225 970 3284 tribuit,
981 3223 1024 3273 sed
1036 3224 1160 3284 supponit.
1172 3217 1278 3270 aliunde
1290 3236 1349 3272 curu

315 3293 362 3342 tali
373 3291 448 3342 drrbio
456 3293 609 3355 prescriptio
620 3304 669 3340 nou
689 3293 770 3354 potest
780 3294 906 3354 inchoari3
918 3294 975 3354 ergo
994 3305 1041 3340 nec
1051 3291 1146 3352 perfici.
1161 3290 1249 3338 llelior
1262 3291 1348 3340 tamen

315 3375 387 3424 pare,
398 3362 480 3423 inquit
490 3363 580 3421 Collet,
591 3363 738 3424 possessori,
748 3363 844 3412 caeteris
854 3363 967 3424 paribus,
980 3362 1042 3408 toret
1052 3359 1223 3418 relinquenda.

346 3427 392 3480 liic
402 3433 497 3478 nullam
507 3433 603 3492 partem
614 3432 797 3492 amplectuntur
805 3432 891 3492 aliqui.
901 3430 950 3478 Sed
958 3429 984 3476 iu
992 3428 1064 3488 praxi
1074 3439 1176 3476 necesse
1185 3427 1346 3490 aliquamve!

315 3500 424 3549 mediam
435 3500 535 3560 eligere.
549 3496 637 3560 Porri,
647 3502 675 3548 ut
685 3501 746 3560 quid
754 3500 834 3549 tutius
844 3499 931 3548 saltem
948 3497 1078 3546 sententiae
1093 3498 1170 3545 collet
1180 3496 1343 3555 adhererem,

315 3569 342 3617 et
351 3581 381 3618 eo
392 3565 468 3632 magis
477 3566 544 3630 quod
554 3569 665 3617 homines
675 3565 747 3616 facile
758 3568 806 3616 sibi
816 3565 913 3617 laveant
922 3565 1098 3626 perpendendo
1114 3565 1189 3613 dubia
1202 3565 1284 3614 suain
1294 3577 1345 3614 ma·

315 3639 388 3688 teriis
397 3635 536 3700 praesertim
543 3638 656 3697 justitiae.
667 3639 762 3686 Nollem
772 3640 856 3687 tamen
866 3635 1004 3696 inquietare
1015 3635 1059 3696 qul
1069 3630 1141 3693 iuxu
1151 3634 1343 3706 communiorem

315 3707 467 3756 sententiam
478 3720 547 3757 suam
557 3706 733 3756 conscientem
747 3704 887 3772 formasset,
899 3704 948 3753 etsi
957 3705 1011 3754 baec
1020 3703 1145 3754 sententia
1154 3703 1187 3754 sit
1197 3702 1277 3765 gregis
1285 3714 1344 3770 pro-

315 3773 495 3826 babilisturum.
510 3777 574 3824 lluic
584 3777 708 3826 coulorme
717 3775 757 3832 jus
768 3775 841 3822 civile
854 3773 946 3839 (aaut).

345 3841 382 3908 (t)
393 3844 434 3896 sie
444 3848 510 3908 leqes
520 3858 635 3897 romanae.
647 3845 751 3918 Videtur
761 3855 832 3893 casus
842 3843 973 3907 singularis
984 3846 1111 3909 exceptus.
1124 3846 1220 3905 ltiluqn
