2928 4680
533 315 770 379 nectimur.
902 339 909 350 ν
1095 304 1164 396 517

139 403 288 568 'alblind
307 404 501 490 casuale,
471 431 553 474 eum
562 432 620 475 nee
644 405 762 500 ipsum,
776 429 838 478 nec
853 406 939 530 illius
960 431 1053 480 eausa
1063 409 1169 480 inten-

171 515 243 578 rtur.
397 529 398 533 ’

136 593 322 683 .Quod
296 619 323 662 sr
337 591 566 704 inculpabiliter
581 595 700 664 eveniat
704 621 804 690 ,pure
789 595 936 666 casuale
946 613 1083 671 vocatur.

183 689 323 764 Mixtum
336 694 421 772 verb,
436 716 462 757 ιι
453 690 677 784 culpabiliter.

150 775 346 868 Mutilatio
359 800 404 854 est
423 785 557 856 membri
572 811 682 856 munus
695 785 859 882 proprium
868 785 1011 860 habentis
1021 787 1169 860 abscissio

145 893 198 946 aut
210 871 402 948 imminutio.

148 972 325 1067 Haecque
343 975 464 1056 omnia,
480 975 545 1042 sive
559 971 685 1068 physici
704 975 795 1057 fiant,
815 976 881 1045 sive
899 975 1069 1058 moraliter,
1082 1001 1169 1044 man·

145 1067 263 1150 dando,
280 1087 361 1152 ete,
372 1069 422 1138 vel
438 1070 531 1138 etiarn
545 1069 716 1140 omittendo
729 1071 971 1164 impediturum
991 1099 1029 1146 ex
1051 1073 1170 1165 justitia

145 1185 200 1232 seu
214 1123 316 1232 officio
327 1123 479 1256 irirpedire
490 1164 560 1258 quis
573 1165 677 1234 debet.

541 1343 717 1409 SECTIO
735 1349 760 1406 Ι.

378 1503 432 1570 D'e
443 1493 573 1576 suiipsius
581 1497 703 1563 occisione
712 1513 739 1564 et
748 1505 915 1564 mutilatione?

149 1662 258 1728 350.
271 1657 347 1728 Non
362 1659 438 1728 lieet
448 1627 670 1756 ‚quicumque
693 1664 733 1731 cle
752 1657 865 1745 eausb',
882 1656 1021 1731 absorte
1031 1662 1168 1754 impulsu

143 1752 277 1822 divino
263 1755 421 1848 ,seipsum
436 1713 555 1825 elireete
572 1773 626 1824 aut
637 1758 779 1826 occidere
792 1773 845 1826 aut
855 1781 1006 1867 exponere
1019 1759 1124 1841 morti,

184 1849 218 1917 N
220 1877 253 1918 ec
267 1851 403 1944 seipsum
419 1844 564 1920 mutilare
576 1856 662 1920 extra
677 1877 782 1920 casum
795 1853 1003 1935 necessitatis,
1016 1881 1051 1924 v.
1062 1879 1110 1945 g,
1125 1853 1167 1924 ad

143 1945 406 2012 conseruationem
420 1946 610 2040 eorporisa
574 1949 588 2030 l
590 1949 636 2030 α).

184 2039 248 2106 Sed
264 2055 398 2105 mortem
412 2065 499 2105 suam
513 2041 714 2131 permittere,
731 2039 796 2132 ipsi
815 2063 850 2106 se
858 2064 1048 2130 exponere,
1071 2040 1168 2109 uitam

142 2154 199 2226 per
216 2132 333 2222 jejunia
351 2134 528 2214 moderata,
548 2149 621 2214 ete,
639 2133 822 2201 abbreviare
842 2132 1010 2213 induenter
1034 2133 1168 2224 justede

143 2230 245 2348 eausa,
259 2227 379 2360 licitum
395 2245 424 2296 et
435 2254 516 2322 saepe
530 2229 701 2301 virtuosum
712 2231 771 2316 (b).

141 2443 230 2518 illicita
241 2469 341 2518 videtur
352 2471 437 2530 praxis
445 2472 471 2520 in
469 2402 631 2531 quibusdam
642 2472 783 2532 regionibus
791 2473 881 2520 usitata
892 2471 1001 2520 eutrandi
1011 2461 1099 2532 pueros
1108 2437 1167 2520 ebn-

141 2539 284 2599 sentientes,
295 2539 324 2586 ut
334 2551 420 2587 vocem
429 2553 540 2587 sonoram
549 2540 657 2588 servent

149 2607 206 2670 (b)
219 2609 282 2658 ltine
293 2609 397 2670 peccunt
404 2609 512 2668 parier
523 2609 671 2689 lupambulb
682 2609 838 2674 gladiatores,
849 2599 980 2668 ceterique
990 2578 1097 2668 equestri
1107 2605 1167 2654 ludo

140 2689 167 2728 se
177 2673 336 2738 exercentes,
348 2678 506 2727 circulatores
516 2678 559 2738 qui
571 2691 596 2728 se
606 2680 738 2728 vulnerant
748 2680 791 2728 aut
812 2690 906 2726 venena
919 2677 1033 2734 sunum,
1043 2677 1106 2733 etta,
1117 2675 1166 2725 nisi

140 2745 241 2795 saitem·
235 2759 262 2792 ιιι
273 2747 325 2793 arte
334 2745 377 2793 sui
388 2747 513 2793 excellant
519 2745 663 2804 ,sciantque
672 2744 742 2803 longi
755 2742 909 2803 experientia
920 2755 946 2790 se
957 2754 1006 2790 non
1015 2707 1166 2802 periclitari,

169 2815 200 2859 Et
208 2813 369 2871 martyres,'
351 2825 403 2858 sme
412 2779 559 2860 necessititto
567 2815 610 2862 out
620 2813 729 2859 utilitato
740 2823 767 2860 se
778 2813 942 2871 exponentes3

169 2875 344 2940 biperieulost
353 2879 459 2939 praviter
468 2880 621 2940 egrotantes,
633 2881 713 2942 quiex
722 2878 826 2928 avaritia
838 2879 963 2928 medicum
970 2891 1019 2928 non
1028 2877 1166 2938 accersunt,

140 2949 250 3002 remedia
258 2949 381 2998 ordinaria
391 2961 488 2996 sumere
496 2949 599 3010 nolunt,
610 2949 651 2996 vel
668 2950 791 2996 alimentis
806 2949 912 2996 utuntur
925 2949 1030 2996 mortem
1048 2949 1091 2996 out
1100 2961 1166 2995 mor·

140 3019 200 3068 bum
209 3017 346 3078 gratiorem
354 3017 533 3065 adducentibus
549 3011 805 3066 aut'aecelerantibus.
821 3017 978 3066 absolutione
991 3014 1085 3077 indigni
1096 3019 1165 3066 sunt.

170 3090 190 3134 Α
201 3087 296 3134 fortiori
309 3087 353 3146 qui
364 3084 463 3148 crapula
475 3087 500 3134 et
511 3087 630 3134 ebrietate
649 3088 725 3134 vitam
740 3087 897 3147 abbreviabit
909 3088 936 3134 et
952 3087 1050 3148 quoties
1059 3088 1166 3140 mortem

139 3151 1165 3224 eeeeleraut,s1eiusqutperreueciutmqualibetpotattonurembeeteneetuu,

140 3214 213 3276 toties
223 3225 327 3288 pescant
338 3225 484 3272 mortaliter.

170 3295 188 3340 li
199 3289 282 3341 eontrb
291 3307 340 3342 non
350 3295 454 3355 peceant
465 3293 507 3354 qui
517 3295 609 3353 seipsos
617 3293 879 3354 praebentoceidendos
889 3305 933 3354 pre
941 3290 1040 3354 pabit,
1036 3284 1165 3353 principe,

140 3362 220 3422 patre,
230 3362 317 3421 matre,
328 3375 423 3422 uxore,
432 3362 489 3410 tiliis
499 3363 672 3412 innocentibus
683 3363 812 3410 damnatis.
820 3357 924 3410 Aliunde
933 3373 985 3408 ιιοιι
993 3361 1088 3412 eertum
1098 3359 1165 3422 quoe

140 3429 315 3484 uenerationi.

170 3499 219 3546 Nee
229 3497 271 3558 qui
282 3509 308 3545 se
323 3511 355 3545 ex
365 3498 428 3559 nito,
445 3500 515 3548 tomo
525 3499 624 3548 incensi
635 3533 643 3560 ,
653 3501 802 3562 projiciunt,
812 3502 837 3549 et
852 3499 1028 3559 verisimilius,
1039 3498 1162 3558 lnquitb.

140 3569 216 3627 Dens,
230 3568 341 3627 quamvis
349 3569 379 3614 acl
392 3570 516 3616 uitandam
527 3572 645 3619 ιιιοιιιιιιΙ
639 3583 665 3617 ιιι
676 3571 780 3618 flammis
793 3571 958 3628 acerbiorem,

167 3639 216 3686 lieo
230 3635 374 3696 militesqur
384 3637 568 3700 minimorum
582 3640 722 3692 ιιιιιιιιιιιιι
735 3643 779 3690 aut
796 3641 878 3700 lunens
891 3636 989 3698 pulveri
1003 3633 1162 3686 tormentabo

141 3705 256 3764 inliciunt
266 3703 304 3770 l
287 3703 302 3753 ei
313 3707 336 3753 la
347 3709 408 3752 ιιιιιιι
418 3701 426 3766 )
438 3705 468 3751 ad
476 3706 564 3752 turrim
576 3707 749 3756 evertendam:

169 3777 218 3823 Neo
229 3761 400 3836 probabiliter,
412 3773 479 3822 addit
489 3775 568 3834 idern,
577 3777 620 3837 qui
630 3778 657 3824 ln
671 3778 756 3835 nanim
766 3777 843 3825 hostis
858 3774 974 3836 ingruet,
991 3774 1059 3822 illam
1074 3774 1165 3844 exple-t

142 3842 199 3892 clere
209 3845 302 3898 iaciunt
312 3842 379 3900 eertb
394 3857 451 3895 euin
461 3845 571 3896 hostibus
585 3846 705 3906 perituri,
715 3847 736 3896 si
748 3842 805 3896 imle
821 3847 937 3908 sequatur
947 3845 1032 3908 patriae
1048 3845 1162 3922 libertos,
