2984 4666
302 261 371 330 252
579 283 635 334 un
657 264 791 334 suino
813 279 1047 334 onmcmro

299 366 378 448 ulia,
404 391 493 458 quae,
515 360 587 433 licei
611 389 682 434 eum
704 391 767 434 non
790 365 944 460 polluant,
969 367 1035 455 ejus
1051 380 1157 436 tamen
1170 358 1323 458 sanctitati

299 477 484 554 repugnant,
502 461 551 528 vel
566 487 604 528 ex
616 463 725 528 naturd
740 465 813 544 sud,
826 477 860 529 ut
879 461 996 532 furnus
1006 462 1078 547 (d),
1104 461 1195 544 rirae,
1221 464 1334 538 deam?

299 555 434 634 bulatio;
464 555 575 624 velex
602 555 752 632 Ecclesiae¹
767 555 1001 649 prohibitione,
1029 572 1063 624 ut
1090 556 1257 647 negotiatio
1293 542 1331 642 etl

298 650 408 738 saltem
424 651 566 744 quaedrpn
575 666 702 744 peccata
712 652 770 735 (e).

340 745 418 811 Item
433 745 458 812 si
470 744 603 814 violetur
619 744 685 832 ejus
696 743 885 814 immunitas.
1326 826 1330 832 ,

339 833 529 922 Profan'atur
554 863 689 933 persona
709 863 796 908 sacra
819 863 877 935 per
893 837 1059 906 violentam
1081 853 1111 906 et
1127 841 1322 910 contumelio·

296 957 364 1002 sam
375 951 526 1002 actionem
536 960 569 999 m
581 958 667 1012 eam3
959 1003 963 1012 ,
1020 947 1022 950 ’

340 1029 404 1096 Per
413 1027 640 1095 tiaductionem
651 1027 717 1116 ejus
726 1023 913 1095 ad‘tribunal
925 1026 1072 1096 saeculare
1082 1031 1186 1097 contri
1197 1029 1323 1123 privile·

297 1123 383 1216 gium
397 1123 474 1203 fori;
1132 1210 1135 1216 ι

310 1287 314 1290 .
339 1218 403 1286 Per
429 1218 542 1312 ipsius,
566 1218 673 1284 contra
697 1214 921 1284 immunitatem
946 1217 1183 1289 ecelesiasticam
1207 1233 1237 1288 et
1255 1215 1322 1307 sine

298 1313 478 1380 auctoritate
492 1309 645 1404 legitimi,
657 1311 800 1378 oneribus
813 1310 945 1403 publicis
959 1313 1195 1402 subjectionem
1230 1359 1233 1370 ·

340 1409 486 1476 Tandem
509 1434 565 1502 per
587 1421 745 1501 peccatum
770 1405 900 1497 quodvis
924 1411 1030 1475 contra
1053 1406 1241 1491 castitatem,
1256 1408 1322 1477 sive

298 1501 394 1597 ipsius
413 1527 551 1596 personae
576 1526 689 1582 saerae,
714 1501 780 1568 sive
801 1499 980 1594 complicis,
1005 1501 1069 1570 sive
1088 1528 1234 1594 corpore,
1257 1502 1322 1570 sive

299 1615 400 1667 mente
416 1598 517 1664 solum
536 1597 748 1676 commissum,
765 1595 849 1688 quod
870 1596 1066 1688 sacrilegium
1085 1601 1122 1666 ed
1138 1599 1322 1688 graviusest

298 1698 360 1785 qui)
372 1716 504 1786 persona
510 1701 567 1758 ‘est'
574 1690 723 1758 sacratior
737 1693 800 1784 (j).

340 1788 484 1854 Tandem
498 1811 547 1852 res
564 1811 651 1852 sacra
662 1786 841 1878 profanatur
854 1800 986 1852 tractatu
995 1785 1122 1877 indigno
1136 1787 1265 1876 (proris,
1272 1787 1320 1856 vel

297 1906 359 1948 non
373 1882 465 1972 dign'e
481 1905 549 1951 cem
565 1883 727 1960 servando,
742 1879 966 1974 permittendo,
976 1907 1006 1944 u.
1020 1904 1066 1962 g.‚
1082 1881 1199 1974 species
1217 1907 1321 1958 sacras

297 1979 331 2044 in
357 1979 462 2071 pixide
491 1977 667 2070 corrumpi,
697 1976 885 2043 vellentem
909 1973 1140 2066 baptismalem.
1168 1989 1251 2060 etc.,
1279 1977 1321 2046 ab

298 2072 503 2152 immunditiis
520 2097 582 2140 non
596 2071 794 2168 custodiendo
803 2070 865 2158 (g)

331 2241 366 2304 (o)
376 2244 402 2290 ld
414 2241 465 2301 est,
474 2237 631 2302 ,consecratus
639 2242 679 2290 vel
695 2241 840 2306 neredictus
849 2235 984 2288 seeundiim
995 2251 1151 2287 communem
1167 2238 1280 2300 praxim,
1290 2239 1324 2288 nt

299 2313 417 2370 ecelesia,
430 2313 611 2370 coemeterium,
623 2311 723 2369 capellae
735 2312 760 2355 et
766 2311 873 2356 oratoria
890 2310 1003 2369 Episcopi
1022 2310 1166 2356 auctoritate
1183 2308 1214 2356 ad
1224 2309 1320 2356 cultum

253 2396 255 2400 ¹
298 2379 469 2440 Deideputote
488 2393 533 2440 per
550 2379 697 2439 positionem
715 2377 789 2437 primi
804 2377 1002 2437 lepidis,‡crucis
1022 2378 1173 2425 erectionem
1191 2377 1235 2425 eut
1252 2375 1326 2424 aliud

298 2450 496 2510 siguumsiupile.
515 2451 591 2498 Vorir‘.
696 2508 698 2510 Ι

329 2519 399 2566 Locis
410 2519 485 2566 saeris
496 2495 847 2563 annumerenitrr'monast'erie
855 2509 880 2560 el
889 2508 1041 2560 xenodochia
1052 2513 1198 2562 anctoritate
1208 2512 1322 2574 Episcopi

298 2587 389 2634 erecta.
401 2589 430 2633 P.
440 2586 495 2632 Aut.
508 2582 523 2630 ὰ
534 2583 624 2630 Gorilioi
632 2576 715 2628 coniri
727 2581 806 2637 Collet,
822 2581 842 2626 si
853 2581 937 2637 agatur
945 2581 975 2626 de
987 2583 1122 2641 sacrilegio.

329 2654 442 2702 Ecclesiae
462 2647 569 2698 numilem
585 2650 720 2697 benedietae
730 2641 741 2706 ,⁴
756 2649 830 2696 turris
842 2648 1081 2708 tintinnabulorum,
1093 2651 1146 2696 loca
1156 2649 1200 2696 ubi
1208 2649 1322 2708 Episcopi

236 2727 248 2748 ·
299 2721 399 2769 licentii
410 2721 561 2778 celebratur,
572 2719 640 2768 locus
651 2714 724 2777 supra
734 2717 826 2764 tectum
836 2716 1015 2779 ecclesiae,mn
1023 2719 1080 2764 sunt
1090 2719 1142 2764 loca
1151 2729 1227 2765 sacen
1239 2719 1327 2766 coltet..

330 2790 364 2853 (b)
376 2788 450 2840 Jurtl
461 2791 554 2850 aliquos
561 2790 648 2836 sotum
658 2788 763 2848 simplex
778 2787 896 2834 eastitatis
906 2797 1034 2846 personum
1053 2787 1137 2836 reduit
1147 2799 1253 2854 sacram,
1263 2787 1322 2847 quie

299 2873 423 2920 persuum
433 2861 553 2919 privatam
570 2858 727 2909 voluntatem
740 2869 765 2902 se
777 2857 915 2914 consecrat,
929 2867 975 2907 nec
987 2856 1017 2903 ad
1031 2857 1077 2904 hoc
1088 2869 1150 2916 opus
1161 2859 1199 2904 est
1207 2855 1321 2902 Ecclesiae

299 2929 466 2986 deputatione.
478 2923 514 2974 nl
523 2926 636 2972 Billuart.
648 2926 696 2972 lilii
707 2925 836 2986 requirunt
846 2924 873 2971 ut
883 2925 982 2982 votum,
998 2927 1044 2972 etsi
1054 2925 1174 2985 simplex,
1183 2925 1215 2974 sn
1224 2926 1274 2972 ritu
1282 2935 1321 2970 so·

299 2995 375 3042 lemni
392 2997 517 3041 emissum.
528 2989 564 3042 ro
574 2994 650 3042 theol.
661 2995 754 3043 Pictas.
761 2995 821 3056 Quae
832 2993 953 3041 sententia
972 2994 1118 3042 conformior
1132 2995 1169 3042 est
1185 2991 1321 3042 definitioni

299 3075 336 3110 rer
353 3075 437 3108 sacrae.
820 3097 824 3114 ,

330 3127 415 3177 contri
427 3130 510 3177 votum
521 3127 577 3189 ergo
588 3132 674 3190 peccat
682 3143 784 3192 persona
795 3133 851 3179 voto
862 3129 966 3188 simplici
977 3130 1094 3176 eastitatis
1104 3127 1178 3184 ligata
1187 3158 1194 3183 ,
1204 3125 1224 3172 si
1234 3126 1322 3183 peccet

300 3195 382 3246 coniri
394 3200 544 3257 castitatem,
555 3201 596 3246 sed
609 3201 633 3246 iu
643 3199 763 3248 sententia
770 3197 890 3248 eutimii
898 3191 1141 3244 mentiBilluart'non
1151 3194 1210 3240 iacit
1220 3193 1323 3242 sacrile-

300 3269 381 3326 gium,
393 3269 450 3326 quia
463 3266 471 3327 (
482 3269 506 3314 et
516 3269 568 3315 lrcec
579 3270 640 3315 ratio
650 3270 727 3315 vineit
738 3267 746 3328 )
758 3280 806 3314 non
818 3264 873 3313 ideo
883 3265 939 3325 quis
949 3276 974 3310 se
988 3261 1085 3321 proprii
1100 3261 1226 3310 voluntate
1238 3275 1323 3312 consa·

225 3335 227 3338 ’
300 3340 365 3395 crat,
376 3333 440 3396 quod
449 3338 585 3384 castitatem
606 3335 705 3396 praeuse
720 3336 815 3383 voveat.

332 3403 363 3466 (c)
373 3406 429 3452 Sive
440 3417 472 3452 ex
490 3404 577 3452 natura
591 3403 635 3454 sui
648 3416 715 3450 sacra
726 3405 773 3459 sit,
789 3404 818 3448 ut
827 3399 946 3458 scriptura
964 3409 1046 3458 secra,
1061 3399 1212 3462 sacramenta
1223 3431 1231 3460 ,
1241 3401 1320 3458 crux,

299 3474 418 3533 imagines
427 3475 579 3532 sanctorum,
590 3472 701 3529 reliquias
709 3503 716 3528 ‚
725 3469 825 3515 nornine
835 3468 881 3513 nei
889 3469 914 3520 et
924 3472 1077 3525 sanctorum,
1089 3469 1148 3527 etc,
1158 3469 1212 3516 sive
1223 3479 1254 3516 cx
1265 3479 1321 3515 con-

285 3588 287 3596 ,
300 3545 435 3591 secretione
444 3545 487 3590 aut
497 3540 667 3590 benedictione
679 3538 807 3594 Ecclesiae,
819 3537 847 3582 ul
858 3547 914 3582 vasu
926 3546 1010 3594 sacra,
1019 3541 1101 3585 vestes
1107 3548 1196 3596 sacrm,
1208 3539 1269 3584 bona
1277 3548 1320 3583 cc-

284 3603 394 3669 ¹clesiae,
406 3623 468 3671 equa
488 3608 631 3662 berrcdictrn
647 3617 696 3651 uno
707 3605 795 3662 verbo,
806 3615 860 3662 quae
877 3615 910 3650 ex
925 3603 1011 3652 usssrne
1024 3605 1132 3664 prolenis
1150 3605 1271 3660 extracto,
1287 3599 1318 3647 acl

301 3679 346 3727 Dei
357 3681 451 3728 cultum
460 3689 504 3739 por
515 3673 713 3722 benedictionem
724 3673 881 3721 transierunt.

332 3748 366 3810 (d)
379 3751 423 3796 Rei
433 3759 521 3800 sacre,
532 3745 575 3793 aut
584 3741 690 3802 proianae
699 3773 706 3798 ,
715 3741 758 3788 sed
768 3741 794 3788 in
804 3742 856 3788 loco
871 3753 953 3795 sacro„
964 3742 1050 3790 sallem
1059 3741 1104 3790 suh
1112 3741 1182 3792 anilo.
1193 3735 1322 3797 deposilae,

301 3819 326 3868 Si
337 3833 375 3866 res
386 3828 452 3865 sacra
469 3815 499 3863 de
511 3813 566 3862 loco
578 3823 647 3861 sacro
663 3810 805 3875 auferatur,
819 3811 976 3872 sacrilegium
991 3815 1028 3863 est
1039 3811 1127 3872 duplex
1136 3843 1144 3870 ,
1154 3807 1219 3856 reale
1228 3801 1318 3868 nempe
