2984 4666
278 381 355 481 2724
523 405 581 458 us
602 393 1062 457 sucuuuouaucunro
1290 449 1294 456 Α

324 500 398 566 313.
414 491 573 564 Judirium
587 521 598 556 .·
616 490 650 558 id
661 505 717 568 est,
730 505 764 556 ut
777 489 830 554 fiai
844 513 913 554 cnm
928 481 1111 563 reverentia,
1127 495 1201 548 etex
1215 479 1305 547 causd

282 588 462 671 sufficienti,
478 585 578 681 qualis
594 609 656 681 pax
670 583 902 664 confirmanda,
924 581 1024 671 major
1048 577 1132 644 ciret
1153 599 1219 643 rem
1235 599 1304 668 pro-

281 685 410 756 missam
432 681 606 752 necessaria
629 678 801 760 securitas,
817 674 1011 746 confirmatio
1034 669 1197 756 veritatis,
1212 694 1305 764 quam

280 780 364 873 quis,
378 779 452 846 lic'et
467 777 620 874 expediat,
635 801 698 843 non
709 773 776 842 vult
791 773 930 840 credere.

322 876 388 944 sed
402 873 528 942 tollatur
542 869 721 940 scandalum
732 867 933 964 pusillorum.¹

290 991 293 996 ’
323 970 459 1038 Seclusis
483 967 572 1059 gravi
598 965 767 1045 scandalo,
786 977 979 1056 contemptu,
994 973 1049 1028 aui
1062 956 1203 1054 periculo
1222 957 1305 1054 peiu-

280 1065 391 1147 randi,
405 1065 612 1156 juramentum
627 1059 693 1127 sine
717 1058 835 1150 judicio
853 1055 1062 1126 communiter
1086 1078 1149 1120 non
1171 1051 1305 1120 habetur

221 1209 231 1221 -
280 1159 340 1228 nisi
354 1175 388 1226 ut
402 1157 523 1226 veniale
530 1169 691 1250 peccatum
705 1155 768 1239 (a).
858 1224 859 1232 χ

322 1253 483 1324 Emissum
496 1267 601 1319 tamen
613 1249 743 1341 obligat,
759 1247 786 1316 si
795 1246 882 1315 licita
892 1248 957 1337 ejus
966 1243 1108 1313 materia.

312 1420 348 1485 (a)
360 1420 424 1470 illud
433 1421 463 1470 ut
470 1433 543 1482 prave
554 1419 630 1467 habet
638 1419 724 1466 Theoi.
738 1419 806 1478 Pici,
817 1417 876 1478 quia
891 1416 966 1466 verba
982 1414 1097 1474 Decalogi
1116 1411 1255 1474 specialiter
1262 1411 1301 1458 ui·

281 1492 371 1541 dentur
380 1490 507 1539 meiudere
524 1489 574 1539 tale
583 1485 759 1546 iuramentum.
771 1489 825 1536 Νοιι
844 1497 974 1534 amma...
985 1488 1011 1534 ia
1021 1497 1118 1532 ιιιιιιιιιιι.
1138 1484 1164 1529 Ρ.
1175 1483 1234 1529 Gau.
1247 1481 1301 1531 dut.

281 1562 307 1610 et
317 1561 360 1608 alli
371 1560 438 1608 idem
447 1559 573 1617 sentiunt,
584 1559 606 1604 si
617 1569 674 1604 cum
686 1557 838 1615 habitudini,
849 1557 881 1603 oh
899 1553 1056 1616 periculum,
1066 1553 1151 1613 aiunt,
1166 1551 1254 1600 falsum
1262 1551 1304 1610 ju·

277 1631 360 1680 randi.
370 1631 534 1690 Hieronymus
545 1628 608 1676 illud
622 1628 692 1674 vocat
703 1627 848 1686 perjiuium.

310 1701 352 1748 Asi
364 1699 489 1747 communi
499 1698 611 1746 adhaereo
620 1695 765 1754 sententiaa
777 1697 835 1754 quia
847 1696 872 1742 in
882 1694 926 1742 iaii
935 1692 1074 1751 juramento
1084 1703 1133 1739 non
1141 1691 1240 1740 videtur
1249 1701 1303 1750 grn-

278 1767 318 1816 vis
328 1761 384 1827 erpi
395 1765 441 1814 nei
452 1779 542 1814 nomeu
553 1765 728 1821 irreverentia,
740 1764 814 1810 simul
826 1763 905 1810 fatens
916 1775 972 1809 curn
983 1764 1009 1807 Ρ.
1024 1761 1084 1808 Gab.
1095 1762 1161 1820 Ant,
1173 1762 1304 1807 consuetu·
1331 1780 1334 1787 ·

279 1837 363 1884 dinem
373 1836 487 1894 iuuandi,
498 1829 634 1894 presertim
644 1833 697 1880 sine
706 1831 876 1890 advertendi,
888 1840 1011 1890 exponere
1019 1829 1131 1888 periculo
1141 1831 1253 1894 proximu
1261 1829 1303 1887 jn·

279 1905 349 1952 randi
359 1904 461 1961 falsum,
473 1904 516 1950 aut
526 1903 611 1949 saitem
622 1902 674 1947 sine
683 1901 776 1958 judicio
786 1901 901 1962 prudenti
910 1900 940 1946 de
949 1899 985 1945 rei
994 1899 1108 1945 veritate.

310 1975 377 2021 idern
387 1973 447 2022 dicit
456 1973 540 2021 doctus
556 1972 597 2018 hic
608 1964 717 2030 lesuin,
731 1974 785 2032 post
803 1973 892 2018 suarez
903 1969 928 2018 et
946 1968 1069 2027 Sadenon,
1085 1967 1115 2015 de
1125 1967 1303 2017 consuetudine

229 2078 233 2087 .
275 2041 377 2100 jurandi
396 2041 488 2101 abspes
508 2037 661 2088 advenientia
678 2053 709 2086 arr
718 2038 817 2097 juretur
834 2050 929 2096 neene3
940 2039 999 2098 quia
1015 2035 1154 2095 juramenta
1170 2036 1244 2094 falsa,
1256 2039 1303 2088 etsi

278 2111 463 2159 inadvertenter
473 2111 565 2170 prolata
574 2111 600 2157 et
610 2111 663 2156 sine
675 2110 756 2156 aniruo
766 2109 879 2167 iurandi,
891 2108 983 2154 habent
993 2107 1171 2167 turpitudinem
1186 2111 1212 2155 et
1220 2107 1304 2156 ditior-

277 2181 390 2228 mitatem
409 2179 556 2237 objecturam
576 2179 606 2226 ob
622 2191 696 2238 quani
713 2179 820 2236 graviter
838 2177 1025 2228 disconveniunt
1044 2177 1162 2224 creaturae
1180 2177 1302 2224 rationali.

277 2243 391 2295 Exterids
402 2249 488 2295 sonant
503 2246 657 2306 periurium,
673 2248 699 2294 et
713 2259 771 2294 eum
781 2257 881 2294 sensum
894 2245 1011 2304 ingerunt
1030 2245 1195 2293 audientibus.
1207 2242 1303 2296 fortiis

151 2319 154 2332 '
209 2333 210 2338 ¹
277 2312 646 2373 adhdehicinsurssitmens.

308 2385 404 2431 Siamus
414 2385 498 2432 tarum
513 2383 642 2443 principiis
657 2381 698 2430 hic
714 2383 816 2442 positis,
826 2382 885 2436 hnic
900 2379 1037 2442 praesertim
1050 2383 1115 2443 quud
1130 2383 1161 2431 ad
1171 2383 1300 2442 jurandum

277 2453 417 2512 requiratur
432 2452 536 2500 intentio
551 2451 631 2498 Deum
646 2451 672 2497 iu
682 2452 770 2498 testem
787 2451 930 2510 invocandi3
948 2454 976 2500 et
991 2453 1056 2511 quod
1067 2449 1130 2512 saepd
1140 2453 1301 2500 intentionenr

278 2521 340 2566 lianc
350 2532 396 2566 rrec
408 2519 523 2578 habeant,
529 2531 575 2566 nec
581 2519 612 2565 ab
620 2519 779 2566 audientibus
788 2519 879 2566 habere
889 2524 1083 2580 reputenturqui
1093 2523 1167 2568 verba
1174 2523 1301 2582 proferunt

276 2588 626 2648 juramentumexprirnentia3
636 2587 697 2647 quin
708 2589 790 2635 tamen
801 2585 930 2648 imortali,
938 2590 978 2638 vel
987 2590 1017 2635 ub
1026 2590 1176 2653 scandalum,
1183 2603 1300 2639 excusare

277 2657 433 2705 intendamus
442 2669 484 2705 eos
497 2658 540 2718 qui
557 2669 602 2716 per
612 2655 700 2704 Christi
712 2658 817 2704 mortem
835 2658 861 2706 et
870 2657 1014 2718 sanguinem
1023 2659 1050 2705 in
1063 2657 1100 2706 ira
1108 2660 1149 2708 vel
1157 2661 1187 2708 -in
1195 2661 1250 2718 ioco
1258 2660 1301 2718 ju·

277 2725 341 2776 rant.
356 2727 470 2774 Videubi
480 2725 512 2775 de
522 2723 763 2788 blasphemii‘[525].
1206 2733 1208 2736 ·

744 2825 854 2844 h—-d

318 2869 393 2945 314.
409 2865 563 2936 „iustitias
578 2892 634 2936 seu
645 2868 903 2958 utjuramenium
915 2867 956 2936 sit
970 2867 1010 2936 de
1021 2894 1055 2938 re
1069 2867 1166 2938 licita.

315 2960 368 3074 lde
391 2987 426 3029 re
450 2961 676 3030 illicitdautem
700 2987 767 3031 esse
789 2978 890 3056 petest
910 2965 1075 3032 assertorid
1100 2963 1151 3032 vel
1170 2967 1299 3058 promis-

275 3078 371 3126 sone.
747 3139 753 3148 .

317 3149 354 3218 Si
368 3149 551 3219 asserione:
567 3151 774 3242 juramentum
785 3169 968 3248 praestatur,
983 3156 1033 3222 vel
1047 3152 1172 3246 praecisd
1186 3167 1220 3218 ut
1234 3179 1299 3221 cre·

275 3246 365 3314 datur
379 3245 516 3324 narratio
529 3245 568 3314 de
582 3272 616 3314 re
625 3247 719 3332 mali,
731 3263 762 3316 et
775 3266 847 3320 tunc
859 3265 1019 3342 peccatum
1030 3275 1089 3315 non
1102 3263 1163 3327 est,
1179 3247 1203 3316 si
1215 3250 1298 3338 jusiai

259 3341 314 3409 de
329 3342 420 3408 causi
436 3357 593 3426 narretur,
609 3358 639 3411 et
652 3341 732 3428 justa
745 3345 792 3412 sit
812 3335 1020 3414 narrationem
1039 3344 1213 3430 juramento
1228 3338 1299 3414 c‘ou-

264 3433 419 3502 firmandi
429 3434 520 3503 ratio'.

238 3546 245 3550 ’
315 3529 380 3597 Vel
393 3531 433 3598 ad
448 3532 690 3602 confirmandam
703 3533 911 3602 narrationem
921 3531 1034 3600 factam
1049 3558 1086 3601 ex
1100 3530 1180 3601 vanai
1197 3535 1297 3626 gloubi

273 3642 324 3692 aut
335 3625 397 3692 alio
408 3627 523 3695 motivo
535 3653 643 3721 pravo,
659 3645 690 3696 et
703 3647 775 3697 tunc
788 3643 951 3720 peccatum
962 3644 1008 3697 est
1022 3629 1141 3698 ratione
1155 3631 1296 3698 indecen-

272 3720 324 3788 tiae
336 3737 365 3788 et
376 3723 513 3790 defectds
526 3724 649 3811 judicii,
661 3725 716 3792 sed
729 3748 793 3790 non
805 3721 867 3789 nisi
885 3725 1005 3794 veniale
1014 3726 1149 3808 videtur,
1164 3725 1236 3816 quia
1249 3728 1295 3809 ju·

273 3830 445 3998 remunerent}
458 3839 522 3886 nun
534 3817 632 3888 afficit
644 3841 701 3912 per
713 3819 976 3906 segnarrationem
996 3837 1030 3890 ut
1042 3821 1173 3903 nralam,
1191 3819 1243 3886 sed
1262 3836 1296 3888 ut

273 3934 378 3977 vernus
413 3937 429 3970 n
453 3943 461 3992 ς
