2984 4666
291 350 360 460 Ι156
563 371 615 425 nu
636 373 775 426 rnrno
795 365 1030 442 ermenero

301 517 305 521 ,
317 463 343 512 Si
356 459 474 510 vendatur
482 473 524 508 vas
538 474 646 519 sacrum,
658 459 714 511 antd
725 463 880 511 traditionem
891 462 1069 523 confringatur,
1079 462 1119 511 vei
1130 459 1190 514 alita
1200 461 1234 515 ru
1243 467 1310 516 itaer

212 537 215 545 ‘
288 533 367 590 tetur,
380 532 407 577 ut
423 531 630 576 consecrationem
640 525 745 576 amittat.
788 566 792 576 .

319 595 353 660 (a)
365 597 405 646 stc
416 598 530 657 proritat
545 599 652 644 aceresia
663 599 736 644 avenai
755 598 859 657 tempta,
871 573 946 662 ettam
961 598 1056 648 ratione
1067 600 1192 659 materie,
1203 602 1262 648 tun
1274 602 1309 650 n·

285 680 343 714 rum
355 669 501 728 sepulturae,
511 667 622 716 nisiouis
633 667 693 715 velit
704 668 730 715 in
745 675 775 714 e'o
786 679 812 714 se
830 663 908 715 soidnr
927 667 953 715 et
962 679 1023 726 ,suos
1039 669 1156 728 sepeliri,
1175 671 1232 730 quia
1251 672 1308 718 tono

285 739 404 784 onusest.
628 737 633 745 “
1283 765 1286 768 -

330 898 400 984 296.
418 885 472 962 Ad
487 893 648 960 simoniam
664 893 737 983 ergit
748 893 808 960 tria
818 895 1234 986 requinrnturetsulliciunt.

268 985 298 1009 '¹
331 996 361 1055 1⁰
387 988 571 1083 spirituale,
595 987 645 1054 vel
663 987 813 1080 spirituali
832 989 1068 1058 intrinseod'aut
1089 1005 1308 1084 consequenter

284 1105 470 1162 annexum.-

329 1185 361 1244 2⁰
374 1175 583 1270 Temporale‚
600 1201 652 1242 seu
666 1173 797 1267 quodvis
812 1174 911 1267 pretio
926 1177 1118 1246 aestimabile
1191 1236 1196 1244 .

326 1279 361 1340 3ο
375 1271 597 1366 AEquiparatio
611 1270 699 1337 anius
714 1270 822 1351 alteri,
838 1297 892 1363 per
913 1271 1118 1356 oblationem,
1132 1272 1308 1366 promissio*

283 1389 372 1450 nom,
385 1368 555 1447 dationem,
568 1365 845 1460 compensationem
860 1381 911 1433 aut
924 1367 1084 1435 motivum.

325 1463 400 1532 Non
425 1467 503 1555 ergd’
521 1481 645 1528 necesse
668 1476 702 1526 ut
723 1460 904 1527 interveniat
925 1477 1049 1554 paetum
1067 1461 1243 1555 explicitum
1256 1461 1307 1532 vel

287 1558 469 1652 implicitum
484 1581 577 1624 unum
591 1553 703 1636 dandi,
719 1571 778 1622 ete.
794 1581 853 1664 pro
868 1556 980 1635 aherm
997 1559 1051 1625 sed
1067 1547 1307 1633 sufficientiam-
1409 1593 1413 1600 ·

287 1646 390 1746 ¹porale
416 1666 628 1745 compensetur
649 1675 705 1744 per
730 1651 908 1744 spirituale,
934 1667 963 1718 et
981 1652 1134 1731 vicissim
1150 1653 1199 1720 vel
1213 1679 1307 1720 uuum

286 1749 375 1814 detur
389 1763 440 1813 aut
454 1748 507 1812 siat
518 1745 628 1812 intuitu
645 1761 674 1812 et
690 1771 727 1812 ex
746 1746 862 1814 motivo
878 1746 1020 1829 alterius,
1036 1747 1176 1838 proximd
1197 1747 1306 1816 saltem

286 1842 514 1910 etimrnediat'e.
541 1841 578 1908 Si
595 1840 676 1908 enim
696 1840 876 1908 interveniat
889 1839 1038 1906 motivum
1058 1841 1143 1908 aliud
1154 1867 1261 1908 verum
1276 1857 1306 1911 et
1332 1838 1338 1850 ⁴

286 1938 460 2018 honestum,
475 1934 507 2004 vi
522 1938 606 2027 cujus
620 1936 806 2032 temporale,
834 1951 863 2004 et
886 1935 1040 2018 vicissim,
1060 1939 1122 2003 non
1141 1953 1226 2004 esset.
1242 1963 1304 2004 am-

285 2031 365 2128 plius
387 2035 536 2102 motivum
553 2033 738 2129 spiritualis,
758 2033 812 2100 sed
832 2031 933 2100 solium
953 2033 1017 2122 ejus
1031 2055 1122 2100 eausa
1141 2031 1306 2126 impulsiva

285 2129 332 2196 vel
345 2127 480 2196 conditio
493 2129 559 2197 siue
568 2131 712 2221 qualnon,
723 2128 807 2195 nulla
819 2143 898 2196 esset
912 2127 1057 2209 simonia,
1066 2127 1139 2220 quia
1147 2127 1306 2221 spirituale

184 2287 189 2295 .
285 2241 313 2292 et
328 2223 496 2319 temporale
521 2219 583 2290 nori
612 2225 889 2316 aequipararentur,
918 2239 948 2290 et
972 2245 1068 2294 unum
1101 2247 1163 2290 non
1198 2223 1303 2306 fieret,

284 2314 626 2413 nequidem'implicitie,
642 2319 774 2411 pretium
795 2319 920 2398 alterius
928 2319 991 2403 (a).
1130 2387 1137 2406 f

323 2415 378 2482 Ad
390 2414 634 2507 cognoscendum
647 2427 749 2478 autom
761 2416 865 2478 utnim
875 2411 1045 2502 temporale
1056 2411 1149 2480 fuerit
1157 2411 1305 2481 motivum

284 2500 441 2602 spirituale
463 2505 691 2599 eonferendipet
714 2505 865 2584 vicissim,
882 2505 1117 2594 interrogandus
1141 2523 1187 2574 est
1209 2506 1307 2600 poeni-

283 2619 365 2687 tens,
386 2629 443 2697 pro
467 2602 536 2668 foro
557 2600 689 2665 interno.
713 2599 780 2666 Pro
803 2610 929 2665 externo
952 2602 1026 2666 voro
1040 2600 1305 2670 attendendasunt

283 2701 414 2792 qualitas
427 2718 642 2788 personarum,
659 2693 790 2800 qualitas
805 2709 834 2762 et
845 2692 998 2786 quartitas
1014 2693 1166 2777 muneris,
1182 2711 1304 2790 tempus

283 2810 461 2882 ceteraeque
477 2787 724 2857 circumstantiae.
935 2804 940 2815 '

283 2980 285 2988 ’
313 2973 349 3038 (ιι)
361 2971 581 3023 iiinesimoniaeus
595 2973 694 3022 nonest
709 2972 753 3034 qui
771 2972 814 3022 dat
823 2972 956 3036 pecuniam
970 2984 1016 3036 pro
1028 2971 1116 3034 missa,
1132 2969 1251 3024 aiitsnon
1261 2971 1304 3024 da·

281 3047 366 3102 turus,
376 3043 434 3102 quia
445 3041 579 3090 intervenit
595 3041 715 3088 motivum
724 3041 791 3088 aliud
810 3043 955 3102 honestum,
969 3041 1058 3104 nempe
1069 3043 1200 3091 sacerdotis
1208 3045 1304 3093 susten·

281 3112 351 3160 tatio.
363 3111 430 3158 idem
439 3110 478 3157 dio
489 3109 519 3156 de
531 3110 686 3168 celebrante,
704 3109 757 3156 sine
767 3111 888 3170 stipendio
899 3113 947 3157 no'n
958 3111 1122 3158 celebraturo.

311 3181 402 3229 Dicunt
412 3179 495 3240 plures
506 3177 537 3224 ad
548 3178 676 3225 simoniam
686 3179 779 3238 requiri
788 3181 817 3228 ut
826 3180 943 3226 unumsit
953 3180 1072 3228 mofivum
1090 3177 1226 3238 principale
1241 3175 1304 3226 alto·

185 3231 198 3255 “”
281 3250 342 3298 rius.
351 3249 399 3296 Sed
408 3247 507 3296 videtur
520 3247 632 3296 sulficere
649 3259 727 3294 unum
737 3261 790 3294 esse
797 3244 854 3296 vert
864 3280 871 3306 ,
883 3247 995 3306 quamvis
1002 3245 1173 3293 secundarium
1182 3246 1304 3295 motivum

281 3318 383 3365 alterius
392 3329 403 3398 ;Ι
412 3318 470 3398 ιμιίιιΙ
480 3311 514 3362 sio
526 3327 623 3376 semper
631 3315 660 3365 iit
675 3317 833 3377 aequiparatio
845 3318 871 3364 et
883 3316 953 3376 quasi
971 3315 1095 3374 venditio,
1105 3314 1133 3362 in
1141 3325 1191 3372 quo
1210 3315 1258 3364 uita
1266 3319 1304 3366 est

275 3388 375 3504 'natilitio
384 3397 557 3504 :titillatione
567 3453 665 3502 videtur
675 3453 800 3514 pluribus,
812 3452 855 3512 qui
865 3449 968 3516 verbum
978 3449 1025 3498 Dei
1036 3446 1154 3510 praedicat
1163 3447 1194 3502 ad
1206 3452 1303 3502 laudem

281 3525 329 3574 eibi
340 3524 538 3600 temperandam,
547 3535 596 3572 nou
607 3525 674 3572 enim
683 3523 750 3584 quod
758 3517 833 3581 gratis
843 3519 954 3579 aceepit,
966 3516 1042 3580 entis
1049 3519 1100 3568 dat.

748 3635 861 3654 --—-

325 3719 398 3782 ²97·
413 3690 496 3760 Hinc
507 3689 638 3760 simonia
648 3712 709 3756 non
724 3702 786 3767 est,
798 3684 879 3768 imo,
901 3684 1021 3756 seclusa
1041 3685 1190 3770 Ecclesiae
1199 3679 1299 3779 prohi-

281 3783 415 3870 bitione,
425 3813 483 3859 nee
497 3801 674 3880 peecatum,
693 3796 868 3876 permutare
879 3782 1039 3876 spirituale
1051 3809 1121 3850 cum
1136 3778 1300 3873 spirituali.

323 3884 393 3956 Nee
404 3885 481 3967 dare
488 3879 657 3985 temporale
664 3878 756 3949 alicui
765 3879 806 3948 ad
816 3879 920 3950 obices
928 3879 1079 3977 spirituali
1090 3876 1300 3957 removendos;
