2932 4658
267 305 347 393 346,
443 327 497 384 ua
518 327 659 386 ssxro
679 328 732 380 nr
749 327 869 385 nono
888 331 1133 410 ramesere-

307 419 380 506 375.
401 415 438 484 Si
462 441 500 485 ex
511 415 665 483 adulterio
681 431 754 483 nata
768 416 809 486 sit
827 417 931 512 proles
942 420 1009 504 (a),
1025 421 1147 488 adulter
1162 437 1196 489 et
1206 423 1297 492 adul·

264 524 331 580 tera
344 525 505 592 tenentur,
520 535 578 604 pro
594 511 649 577 sud
664 527 752 604 parte
764 513 853 604 [373‚
865 515 898 597 c]
909 513 951 581 ad
971 513 1055 582 illius
1080 515 1293 589 educationem
1338 584 1341 589 ,

264 605 449 698 usquedum
463 604 523 673 sibi
539 605 707 700 providere
721 607 834 700 possit,
846 623 876 674 et
888 633 965 676 unus
976 609 1017 677 ad
1030 625 1152 704 partem
1166 609 1292 680 alterius

161 783 162 786 Ἴ
263 698 297 766 iu
310 703 374 790 ejus
390 699 546 767 defectum
560 701 624 785 (b),
642 700 686 768 iri
699 717 734 769 ut
746 701 773 770 si
786 702 915 770 maritus
933 703 1088 798 impensas
1103 705 1291 775 educationis

262 793 383 876 fecerit,
395 793 457 888 ipsi
468 794 681 863 refundantur.

303 887 347 956 Et
367 904 497 980 uterque
510 915 568 982 pro
582 907 670 982 parte
680 889 811 983 aequali,
826 889 860 956 in
872 888 1005 957 solidum
1024 905 1129 958 tamen
1147 916 1293 988 semper,

260 983 303 1054 ad
316 985 490 1078 reparanda
501 988 576 1075 erga
586 985 750 1066 maritum,
761 984 843 1066 filios
853 987 918 1074 ejus
929 985 1082 1077 legitimos
1094 985 1290 1073 haeredesve,

261 1079 372 1147 omnia.
385 1079 446 1146 alia
468 1081 580 1147 damna
601 1080 806 1147 redundantia
827 1105 865 1148 ex
890 1083 1033 1174 portione
1042 1081 1248 1168 hereditatis,
1260 1101 1292 1154 ct

259 1174 443 1250 accuratiori
453 1174 626 1266 longiorive
636 1174 735 1268 spurii
759 1173 961 1259 educatione,
977 1177 1087 1246 saltem
1106 1178 1134 1247 si
1148 1203 1216 1247 eam
1230 1196 1293 1248 sta·

259 1287 308 1339 tus
320 1271 385 1359 ejus
396 1271 551 1364 putativus
565 1271 805 1364 poposcerit(c).
838 1297 841 1300 ’

299 1367 419 1460 Excipe
429 1421 442 1451 ,.
466 1368 493 1436 si
520 1393 600 1435 unus
628 1369 761 1436 alterum
775 1367 830 1450 vi,
856 1368 989 1451 fraude,
1006 1374 1088 1452 etc.‚'
1115 1369 1149 1436 in
1173 1370 1294 1438 crimen

259 1463 498 1546 induxerit,aut
512 1463 784 1554 alteriacccptanti
801 1465 985 1532 damnorum
1006 1465 1143 1533 omnium
1168 1490 1293 1560 repara-

259 1559 374 1628 tionem
383 1558 574 1653 promiserit.
591 1557 647 1624 Ad
662 1558 765 1645 omnia
780 1557 866 1626 enim
886 1563 956 1626 ante
974 1585 1048 1627 eum
1065 1575 1138 1628 tunc
1156 1574 1288 1643 tenetur.

299 1655 368 1724 int
379 1670 500 1723 tenetur
518 1653 640 1721 adulter
659 1655 701 1721 ad
724 1653 846 1722 lucrum
866 1656 950 1748 quod
972 1681 1034 1722 non
1052 1654 1126 1724 feeit
1151 1654 1290 1722 adultera

257 1766 398 1843 tempore
411 1748 631 1842 praegnationis
647 1764 677 1816 et
690 1748 730 1816 ad
755 1751 866 1842 parteis
888 1748 1060 1844 impensas,
1088 1749 1172 1818 sicii
1193 1751 1289 1842 usque

257 1844 497 1941 promissionem
511 1859 670 1911 censeatur
688 1844 860 1910 extendisse
871 1842 935 1926 (d).

289 2014 326 2080 (o)
336 2017 383 2066 Vel
393 2009 472 2064 solinu
485 2011 646 2077 probabilius.
657 2018 688 2064 P.
698 2014 758 2064 Gob.
772 2015 831 2064 Aet.

289 2085 325 2150 (b)
337 2081 405 2146 Saepe
416 2085 528 2132 adultera
539 2087 635 2144 partem
646 2095 715 2130 suam
727 2084 861 2131 restituere
874 2079 977 2142 nequit,
988 2078 1009 2128 si
1017 2073 1083 2128 ultra
1090 2075 1227 2128 triennium
1236 2077 1298 2126 iae·

258 2156 292 2204 tis
303 2155 462 2204 extendatur.
474 2149 542 2214 saepe
559 2155 635 2202 etiam
646 2153 744 2201 adulter
759 2154 848 2214 nequit
865 2152 964 2201 autnon
979 2149 1034 2199 vult
1051 2149 1199 2199 restituere:
1210 2143 1245 2196 iti
1261 2149 1293 2196 ut

257 2220 394 2284 saepissime
404 2236 469 2270 unus
477 2223 592 2271 teneatur
600 2236 643 2283 pro
656 2223 714 2270 alio.

289 2289 322 2354 (c)
332 2292 357 2338 Si
366 2291 491 2350 impensas
501 2291 654 2339 educationis
662 2291 768 2348 majores
778 2286 885 2336 conditio
893 2283 972 2344 spurii
980 2282 1093 2344 putativa
1103 2295 1153 2331 non
1165 2283 1290 2345 exegerit3

258 2360 331 2407 autsi
345 2359 393 2418 ipsi
411 2359 555 2408 donationes
571 2360 686 2406 liberales
703 2357 789 2404 iecerit
800 2356 870 2415 pater
880 2353 1024 2414 putativus,
1037 2352 1123 2410 ejusve
1144 2353 1187 2400 aut
1203 2353 1290 2402 matus

258 2429 442 2488 consanguinei,
453 2442 508 2489 quae
519 2430 629 2490 prolibus
639 2426 756 2484 legitimis
767 2423 859 2482 alioqui
871 2422 1016 2480 cessissent,
1026 2417 1098 2480 iuxtd
1111 2423 1139 2469 P.
1150 2423 1210 2468 Gab.
1222 2423 1290 2482 Ant,

257 2498 301 2557 qui
310 2499 459 2546 senientiam
473 2512 542 2546 suam
554 2498 614 2544 dicit
625 2505 795 2550 communem,
808 2493 860 2540 baec
874 2492 1042 2540 adulterantes
1052 2492 1172 2539 resarcire
1182 2491 1289 2550 debent,

257 2567 317 2626 quia
327 2557 417 2614 horum
427 2569 571 2614 damnorum
583 2575 655 2610 causa
666 2561 723 2607 sunt
734 2561 835 2616 injusta.
847 2555 883 2608 ltt
891 2555 942 2618 jam
953 2561 1052 2607 blotina.

287 2635 315 2682 ln
327 2635 373 2682 bdc
385 2635 442 2696 ergb
454 2631 575 2690 sententiat
590 2629 610 2678 si
622 2629 766 2676 donationes
784 2629 1023 2688 consanguineorum
1044 2627 1123 2686 patris
1143 2627 1187 2676 aut
1199 2626 1289 2673 matris

257 2704 335 2762 spurii
346 2703 402 2750 aliis
413 2699 557 2756 cessissent,
569 2698 629 2756 ipsis
640 2695 721 2743 forent
744 2695 917 2756 restituenda,
937 2695 995 2756 quia
1013 2695 1088 2742 nulla
1104 2695 1161 2743 sunt
1179 2695 1211 2742 ob
1222 2705 1291 2766 erro-

256 2783 311 2818 rem
322 2769 388 2820 circi
398 2780 537 2830 personam,
548 2765 631 2824 inquit
641 2765 742 2811 lloliua.

286 2841 335 2888 Sed
345 2841 492 2901 quibusnam
506 2836 563 2892 jure
574 2831 722 2881 cessissent?
738 2833 766 2880 ln
782 2825 990 2879 hoc'inveniendo
1001 2841 1050 2876 non
1060 2841 1137 2890 parra
1150 2825 1214 2890 sapt
1223 2829 1289 2878 dim-

256 2908 376 2956 cultasad
386 2916 459 2965 quam
470 2903 649 2950 enucleandam
660 2903 686 2948 in
698 2913 790 2950 vanum
800 2901 891 2947 multos
901 2899 1042 2958 grandiores
1054 2899 1173 2946 tractatus
1184 2900 1288 2948 revolvi.

285 2977 381 3024 Nodum
391 2973 566 3020 difficultatum
577 2971 649 3018 solvit
660 2971 754 3029 Delugo
766 2965 913 3017 contrariam
923 2969 1035 3026 llollnre,
1052 2967 1101 3014 etc.
1112 2967 1223 3026 opinioni
1234 2979 1289 3014 sen·

255 3045 363 3094 tentiam
372 3040 556 3100 amplectendo,
569 3036 641 3098 iuxta
651 3051 726 3099 quarn
736 3039 904 3086 adulterantes
914 3047 973 3084 reta
985 3047 1058 3084 causa
1072 3048 1122 3082 non
1133 3036 1189 3084 sunt
1199 3037 1289 3084 erroris

256 3112 403 3162 donantium
413 3110 515 3169 spurio,
531 3121 561 3156 ac
572 3105 674 3170 proinde
684 3108 829 3154 donationes
849 3108 874 3154 et
890 3104 1225 3153 successionescollaterales
1238 3103 1287 3162 ipsi

154 3188 191 3208 ²
257 3179 419 3230 advenientes
429 3176 548 3224 resarcire
558 3188 608 3224 non
619 3176 746 3224 tenentur.
758 3175 829 3222 ilatio
841 3173 895 3232 eius
906 3175 944 3221 est
954 3172 1020 3234 qubd
1029 3173 1081 3220 haee
1092 3171 1226 3232 praevidere
1236 3181 1286 3219 non
1359 3198 1361 3202 -
1452 3157 1460 3216 ᾗ

256 3249 385 3309 potuerint
397 3241 590 3309 (debillsratlo)
602 3245 628 3292 et
634 3241 751 3311 qubdper
757 3243 870 3290 accidens
880 3245 1006 3302 aepraeter
1015 3243 1113 3290 illorum
1124 3239 1286 3287 intentionem

256 3315 441 3364 lraeceveniant.
451 3309 565 3374 Aliunde,
577 3313 645 3362 addit
655 3314 763 3372 mingo,
773 3312 897 3361 restitutio
909 3311 971 3358 toret
979 3307 1133 3358 extendenda
1144 3307 1175 3354 ad
1185 3319 1288 3356 munus-

256 3385 322 3442 cula,
333 3382 493 3430 invitationes
502 3383 534 3429 ad
544 3395 663 3441 mensam,
676 3385 735 3440 etc„
744 3378 1011 3441 quaecognatiputativi
1018 3376 1135 3426 iecissent
1143 3375 1182 3424 ilii
1190 3377 1285 3438 spurio,

257 3452 317 3512 quia
327 3449 375 3496 sibi
385 3449 550 3508 propinquum
561 3462 619 3496 eum
630 3449 804 3509 crediderunt,
816 3449 881 3510 quod
892 3449 983 3494 durum
991 3445 1100 3494 ridetur.
1272 3441 1275 3447 “

287 3520 344 3566 liaec
353 3517 470 3565 arrident.
480 3518 574 3563 Damna
586 3519 654 3566 enim
665 3514 706 3565 bie
717 3530 798 3578 perse
809 3531 857 3566 non
871 3518 1022 3576 sequuntur,
1030 3515 1095 3564 sicut
1108 3527 1163 3576 quae
1177 3526 1287 3576 sequun-

256 3585 298 3634 tur
312 3599 345 3634 ex
360 3583 449 3646 adepti
468 3581 598 3645 illegitime
618 3586 764 3634 haereditate
780 3582 918 3634 necessarii
933 3581 1013 3646 [558,
1022 3581 1056 3646 fi]
1067 3585 1171 3632 Possunt
1186 3577 1286 3632 aliunde
1388 3592 1391 3598 ’
1459 3601 1460 3608 ¹

257 3655 385 3704 donatores
395 3655 514 3715 suspicari
524 3666 656 3716 parumper
665 3655 867 3716 illegitimitatem
879 3653 1013 3712 donatarii,
1028 3656 1054 3700 ei
1064 3653 1220 3701 donationem
1235 3662 1285 3700 non

257 3725 354 3784 lacerer
367 3721 426 3773 ditm
437 3723 451 3773 ὸ
463 3720 547 3773 contri
557 3725 604 3774 etsi
614 3727 686 3785 pater
694 3725 821 3785 putativus
831 3723 862 3770 de
873 3723 919 3770 ilii
929 3723 1085 3782 legitimitate
1094 3722 1227 3780 dubitaret,
1234 3731 1283 3766 non

258 3794 342 3854 posset
352 3795 465 3855 spurium
475 3795 507 3842 ab
517 3794 661 3842 hereditate
672 3793 803 3852 repellere.
814 3791 934 3852 Equidem
944 3793 1010 3842 valet
1020 3791 1083 3840 ratio
1093 3791 1188 3838 llolinae
1200 3780 1285 3834 contris

258 3864 371 3926 spurium
380 3863 476 3925 ipsum,
485 3864 529 3928 qui
539 3875 566 3913 se
575 3863 657 3916 sciens
666 3861 793 3926 spurium,
806 3855 1285 3936 restituereqteueretur‚donaliouessibl
