2932 4658
383 191 391 217 l

194 383 195 386 a
275 330 345 430 298
420 343 425 356 ’
501 321 1039 414 vrrrr'ounsrr‘oruvirum-cumo
1286 402 1291 410 ⁸

213 439 221 453 “
272 431 551 498 taliter,snveniallter
570 431 649 484 solum
665 431 823 497 peccaverint
840 431 902 492 dlii,
918 429 944 479 et
959 427 1139 489 eoumqumter
1152 439 1187 474 an
1202 422 1302 478 absolve

272 507 375 568 possint,
383 501 440 556 crim
450 500 571 554 ordinarit
579 503 682 581 peccate
692 504 744 552 base
750 502 800 550 sint
810 499 1004 568 consuetudinis.
1014 500 1047 546 in
1057 498 1134 546 dubio
1142 495 1302 556 autemqnidr

271 577 395 640 egendum
409 587 483 624 nemo
496 573 584 623 nescit.
780 594 784 600 ··

529 859 530 862 ’
572 923 574 928 ,
668 844 903 920 caedria

503 1037 537 1073 DE
551 1035 679 1072 otricus
695 1033 852 1070 rauendel!
867 1031 946 1066 ERGA
959 1028 1067 1067 Ηῐιῐῠί.

314 1185 416 1270 Huc,
441 1189 514 1278 quae
530 1183 637 1273 gravia
660 1197 731 1271 sunt
750 1203 795 1249 esc
807 1201 921 1272 genere
941 1202 1017 1260 ruo,
1030 1176 1171 1248 etlocum
1183 1176 1302 1247 babent·

277 1279 370 1350 etiarn
397 1285 471 1374 ergit
497 1278 693 1370 illegitimos,
722 1275 891 1346 consistunt
917 1273 951 1342 in
975 1277 1049 1344 curd
1076 1273 1240 1371 temporali
1261 1279 1306 1346 et.

187 1466 188 1469 Ἴ
223 1427 225 1435 ι
277 1375 450 1476 spirituali,
467 1374 596 1446 fundati
605 1375 640 1443 in
653 1397 759 1442 amore
772 1369 1007 1466 supernaturali.

677 1555 853 1645 suerro
874 1559 918 1616 r:

467 1739 469 1742 ·
490 1727 527 1776 De
538 1725 597 1776 curt
605 1709 737 1788 temporali
749 1719 764 1774 t
774 1721 983 1806 parentibusliliis
993 1719 1085 1772 debita.

321 1887 392 1950 335.
421 1879 514 1948 Curru
535 1879 604 1946 haec
631 1878 770 1967 consistit
796 1879 829 1944 in
842 1879 1008 1946 avertendo
1023 1878 1122 1961 mala,
1145 1893 1175 1946 ct
1188 1903 1304 1972 procu-

279 1977 471 2048 randubona
483 1973 681 2070 temporalia,
704 1973 938 2052 extenditurque
952 1975 993 2042 ad
1003 1973 1136 2043 filiorum
1149 1973 1305 2061 filios(a)..

312 2164 349 2229 (α)
361 2159 513 2226 Ergbcontrd
520 2165 567 2213 boc
577 2163 687 2214 officium
694 2164 799 2225 peceant

309 2236 411 2298 Quisnon
422 2236 511 2282 cavent
520 2247 552 2281 ne
560 2233 634 2283 ioetus
643 2235 670 2281 in
677 2235 748 2282 utero
759 2231 903 2293 perimatur,
908 2230 973 2292 quod
979 2231 1079 2280 evenire
1089 2230 1170 2298 potest
1179 2243 1223 2293 per
1232 2231 1301 2280 inor-

279 2301 376 2352 dinatas
387 2303 508 2360 lascivias,
519 2314 641 2362 usumque
659 2303 810 2350 matrimonii
821 2303 912 2362 absque
922 2299 973 2348 ulli
988 2301 1149 2361 discretione3
1167 2313 1213 2361 per
1228 2301 1301 2348 salta·

280 2371 375 2429 tiones,
385 2383 459 2418 onera
470 2370 595 2430 graviora,
611 2383 705 2430 cursus,
717 2372 788 2430 longe
796 2371 899 2432 itinera3
910 2383 955 2432 per
965 2383 1050 2430 graves
1060 2365 1185 2429 moerores,
1196 2369 1299 2429 dolores,

279 2451 414 2498 erumnas,
424 2439 527 2487 verbera
538 2439 628 2499 quibus
638 2451 687 2486 non
706 2437 761 2486 rard
770 2451 860 2486 uxores
871 2441 1023 2499 pregnantes
1033 2439 1082 2487 viri
1096 2438 1226 2498 aldciuut3
1246 2439 1304 2486 tau«

280 2507 337 2554 dem
354 2508 455 2555 brachia
472 2508 627 2568 extollendo,
639 2507 787 2556 comedendo
806 2510 850 2561 aut
859 2509 979 2568 bibendo,
991 2508 1080 2559 iutnrae
1099 2509 1177 2570 proli,
1191 2503 1248 2558 ante
1259 2508 1302 2559 aut

280 2577 335 2636 post
347 2577 502 2624 nativitatem
515 2577 610 2625 nociva.
1130 2630 1133 2634 ,

310 2645 357 2703 Qui
368 2645 429 2692 item
436 2657 485 2692 non
494 2645 582 2693 cavent
589 2657 621 2692 ne
630 2645 726 2706 parruli
735 2645 893 2705 suffocentur,
902 2649 945 2693 aut
955 2659 996 2694 eos
1004 2647 1085 2694 adhuc
1096 2647 1193 2695 teneros
1203 2648 1229 2694 in
1236 2647 1303 2694 lecto

281 2713 409 2766 collocant.
426 2711 477 2762 imo
487 2715 571 2776 plures
590 2716 627 2763 ibi
646 2717 748 2763 mortale
764 2717 857 2765 vident.
870 2716 1102 2778 Sedexceptocasu
1117 2719 1143 2764 in
1158 2730 1205 2778 quo
1215 2717 1241 2764 id
1256 2730 1302 2777 per

281 2784 371 2832 statuta
383 2785 499 2845 specialia
515 2786 561 2832 sub
571 2785 833 2846 parvipenderetur,
846 2787 935 2834 durum
945 2788 1045 2835 videtur
1063 2789 1093 2834 de
1107 2789 1204 2837 mortali
1218 2785 1302 2835 statim

280 2865 395 2902 accusare
406 2855 510 2902 matrem
519 2868 574 2914 quse
586 2855 645 2914 quia
660 2855 686 2902 id
696 2853 745 2902 nui
756 2856 799 2903 aut
808 2854 887 2904 elteri
896 2857 951 2905 vice
960 2857 1056 2916 iecerit,
1067 2859 1154 2906 saltem
1165 2858 1185 2904 si
1199 2855 1304 2904 nontotd

281 2922 366 2981 nocte3
377 2934 447 2969 casus
458 2923 622 2970 suffocationis
632 2924 801 2972 rarioreseuut
811 2927 925 2984 respectu
936 2927 1102 2974 multitudinis
1112 2927 1204 2974 vicium
1214 2927 1304 2986 quibus

281 2993 373 3037 matres
381 2987 423 3036 bie
433 2991 563 3049 labuntur,
572 2992 601 3038 ut
611 2992 660 3039 dici
669 2994 744 3052 possit
753 2991 819 3054 quod
832 2995 935 3054 singulis
950 2997 1059 3054 vicibus,
1069 3011 1091 3040 ss
1098 2998 1155 3042 item
1169 2997 1189 3044 si
1199 3009 1244 3056 per
1253 3008 1304 3042 mo-

281 3059 365 3106 dicum
373 3059 471 3118 tempus
480 3059 617 3118 aliquarum
626 3061 740 3108 horarum
745 3063 791 3110 boe
798 3062 897 3124 iaciant,
906 3065 1009 3124 peccent
1019 3065 1168 3121 mortalitem
1179 3058 1304 3122 praecipue

282 3127 318 3186 si,
327 3129 356 3174 ut
365 3122 445 3194 saepd,
457 3123 611 3186 aliquatenus
631 3129 710 3175 adbuc
720 3131 821 3190 vigilent
833 3144 840 3178 r
850 3131 947 3180 fortitu
956 3132 1075 3180 tamenab
1085 3130 1131 3176 boc
1150 3130 1301 3190 avertendae,

281 3208 328 3244 nec
337 3195 489 3244 absolvendae
503 3196 523 3242 si
533 3193 596 3256 saepe
615 3196 713 3244 iaciant.

313 3265 411 3314 liitnale
422 3265 577 3312 bisuntinum
586 3265 613 3312 id
623 3268 689 3313 vetat
700 3263 831 3326 antequem
840 3280 903 3328 puer
913 3280 1003 3314 annum
1014 3267 1071 3313 vitae
1078 3265 1186 3324 primum
1194 3269 1305 3328 eomple-

281 3335 360 3393 verit,
372 3335 398 3380 et
416 3335 553 3394 Stephanus
569 3337 589 3394 l,
600 3334 672 3384 causi
683 3338 712 3396 i,
723 3355 746 3396 v„
762 3339 789 3394 l,
802 3339 858 3385 can.
869 3338 913 3394 ¹8,
930 3337 955 3381 ld
964 3335 1077 3393 probibet
1093 3347 1124 3381 ue
1135 3367 1142 3393 ‚
1154 3335 1249 3397 iuquit,
1260 3351 1305 3399 pa-

279 3405 366 3451 rentes
375 3402 413 3449 rei
423 3402 550 3474 homicidii
567 3405 741 3466 inveniantur,
753 3407 773 3452 si
784 3401 932 3466 negligendi
942 3401 1053 3461 qualibet
1063 3404 1224 3463 proveniente
1232 3407 1305 3468 pueri

243 3575 245 3580 .
282 3471 456 3600 sugdcpgctgnt
466 3539 509 3600 qui
520 3551 570 3588 non
581 3543 667 3608 curant
676 3555 709 3591 ne
720 3541 779 3602 quid
789 3539 847 3587 mali
863 3537 1047 3598 quomodolibet
1064 3541 1142 3590 soboli
1153 3543 1252 3592 eveniat
1261 3555 1306 3603 per

283 3618 386 3669 aquom,
398 3610 493 3668 ignem,
504 3609 604 3670 bestias,
617 3613 722 3659 nimium
732 3609 861 3671 ploratum.

314 3676 362 3734 Qui
372 3677 448 3726 etiam
457 3677 599 3737 illegitimos
607 3679 734 3740 exponunt
742 3678 832 3736 absque
840 3675 1080 3740 gravissimd'causd,
1091 3681 1132 3729 rel
1140 3692 1189 3728 nou
1199 3677 1305 3726 curando
1395 3699 1401 3710 ·
1460 3655 1461 3690 ³

284 3751 317 3790 ne
328 3741 428 3791 interim
437 3741 498 3806 quid
514 3749 551 3795 eis
565 3741 624 3796 mali
635 3747 741 3805 accidat3
750 3748 793 3794 aut
801 3747 854 3794 ‘sine
867 3747 1014 3796 necessitate
1025 3747 1035 3811 (
1045 3751 1137 3810 qualis,
1148 3762 1173 3797 r.
1184 3759 1217 3806 p,
1227 3746 1305 3794 nimia

285 3813 428 3874 paupertas,
439 3815 483 3864 aut
493 3816 600 3864 inlamiae
609 3819 667 3864 note
679 3815 687 3877 )
699 3815 812 3864 domibus
819 3813 981 3878 hospitalibus
995 3818 1108 3878 tradunt,
1123 3819 1149 3864 iu
1159 3826 1207 3875 quo
1217 3815 1306 3862 ultimo

286 3895 344 3932 casn
359 3883 539 3935 xenodochium
557 3886 672 3936 indemne
689 3883 805 3947 prestare
826 3886 931 3950 debent,
947 3883 1018 3949 juxta
1028 3889 1110 3938 texam
1126 3883 1226 3944 saltem,
1238 3882 1264 3932 nl
1276 3883 1306 3931 de
