2932 4658
266 283 338 378 37'0
401 291 659 358 nn'surrrmo
681 295 733 350 uu
751 294 915 352 oncino
934 293 1179 350 numerere

265 392 318 444 fisci
326 389 428 444 extensa
435 389 551 440 videntur
563 400 609 449 per
616 386 733 438 articulos
740 385 1010 438 commercialibus
1020 389 1120 435 vacante
1130 399 1156 435 ec
1165 399 1222 438 sans
1231 388 1295 441 mai·

256 460 279 506 ’ἐι
294 464 384 512 troam
398 457 587 521 appartienuent
605 469 637 505 au
647 457 760 506 domnine
778 457 878 517 public;
893 473 907 498 n
917 456 943 504 et
953 457 1018 504 lib·
1029 457 1066 504 les
1085 457 1155 504 biens
1171 461 1214 519 qut
1224 461 1296 516 n‘opt

251 511 279 584 f»
289 531 360 593 point
369 531 400 580 de
408 527 508 578 maitres
517 521 730 588 appartiennenta
740 524 817 574 l’etat.
829 543 843 569 »ι
855 525 904 574 Sed
910 525 1028 585 exceptis
1039 538 1094 585 quac
1106 528 1215 579 continet
1225 533 1293 582 edic·

264 602 317 649 tum
329 600 425 660 replum
443 597 536 645 mensis
546 595 665 656 augusti,
681 597 740 646 anni
755 596 832 655 ltdl,
849 591 915 645 circi
926 595 993 644 dicta
1006 597 1098 656 llpnoea
1111 600 1222 650 marinco.
1233 601 1291 652 llaec

264 656 346 718 ennii
355 680 421 716 nunc
431 661 520 726 parum
533 665 598 713 clara
608 665 675 713 sunt.
746 715 750 724 ,
1084 731 1091 746 .
1228 732 1231 737 ,

292 731 376 796 Quoad
384 748 424 783 res
435 734 535 782 amissas
541 731 660 796 [hother
670 733 774 782 articulo
784 733 846 782 22⁷9
856 731 913 781 cod.
920 732 968 782 cir.
978 730 1092 782 concludi
1100 746 1171 794 posse
1181 736 1290 802 videtur,

263 804 328 853 etde
338 804 401 852 lacto
412 803 537 852 concludit
553 803 584 850 D.
594 802 771 861 Delvincourt,
783 804 874 874 saltem
884 803 914 852 ut
929 802 1082 862 probabilius
1095 816 1137 852 eas
1148 805 1202 866 post
1215 819 1291 866 annos

263 872 371 920 hesteri
378 872 523 932 inventoris,
534 872 556 920 si
567 873 681 923 domiuus
688 883 737 918 non
746 871 895 932 compareat.
903 871 971 920 Idem
981 871 1169 922 etiamdocehat
1179 876 1291 926 l).l‘rou-

262 939 342 1000 dhon,
354 941 380 990 in
390 939 515 991 academia
520 941 664 991 Divioneusi
673 939 736 998 juris
746 941 868 1000 professor
876 941 902 989 et
910 941 1031 1006 Decanus.
1038 940 1087 988 Sed
1093 953 1124 988 ex
1131 943 1234 992 articulo
1244 945 1290 994 lli

262 1008 392 1070 videntur,
411 1010 438 1058 in
455 1007 577 1058 sententia
592 1010 623 1056 D.
635 1009 754 1068 Toullier,
770 1009 801 1056 ad
816 1009 903 1057 liscum
918 1023 963 1070 pro
981 1009 1074 1057 duabus
1089 1011 1202 1070 partibus
1218 1013 1244 1062 et
1259 1013 1291 1062 ad

262 1076 416 1126 inventorem
425 1091 469 1140 pro
479 1078 550 1138 parte
569 1075 644 1126 tertii
657 1077 785 1136 pertinere
804 1078 832 1125 in
845 1079 907 1127 locis
925 1079 970 1129 uhi
990 1079 1026 1127 sic
1039 1077 1215 1128 dividebantur
1224 1081 1291 1131 inter

261 1145 390 1204 toparchas
400 1147 426 1194 et
441 1147 610 1204 inventorem,
621 1146 647 1192 et
657 1145 717 1192 alibi
727 1146 758 1192 ad
768 1147 855 1194 fiscum
866 1147 893 1194 in
903 1148 1033 1196 totalitate.
1049 1148 1128 1208 Alibi,
1143 1150 1291 1210 quibusdam

261 1214 387 1272 exceptis,
396 1215 476 1262 totum
486 1215 517 1261 ad
535 1214 704 1274 inventorem,
719 1212 855 1266 secundum
872 1216 912 1274 jus
922 1229 1059 1266 romanum.
1069 1217 1145 1277 Igitur
1154 1219 1182 1266 in
1191 1219 1290 1269 hicnon

260 1281 309 1330 sihi
319 1279 383 1330 clare
395 1283 489 1332 censat
497 1283 575 1332 codex
586 1283 677 1344 civilis,
687 1285 807 1334 sicutnec
818 1288 965 1336 concordant
976 1288 1029 1348 ejus
1039 1288 1197 1349 interpretes.

290 1351 373 1400 ln‘tali
390 1351 465 1401 dubio
481 1353 517 1412 ai,
531 1350 595 1401 iacti
605 1354 642 1402 rei
653 1355 768 1414 gravitati
782 1355 964 1416 proportionata
979 1357 1157 1418 inquisitione,
1174 1359 1289 1408 dominus

260 1429 310 1466 non
320 1421 475 1480 compareat,
492 1419 571 1471 tutius
589 1422 620 1469 ad
638 1421 721 1472 minuis
741 1437 780 1472 res
796 1425 875 1472 danda
890 1421 1107 1484 pauperibusve
1126 1427 1152 1474 in
1163 1429 1224 1478 alias
1234 1429 1289 1488 pias

260 1493 347 1536 canens
352 1487 533 1548 impendenda,
546 1487 620 1548 juxta
628 1491 764 1543 doctrinam
774 1493 804 1540 D.
816 1494 928 1550 Thomas,
940 1492 964 1538 S.
976 1493 1069 1553 Caroli,
1080 1496 1227 1546 catechismi
1241 1499 1289 1546 llo·

259 1555 327 1604 mani
336 1556 470 1614 etmajoris
479 1559 557 1617 partis
566 1561 749 1621 theologorum,
760 1561 800 1608 cui
812 1560 930 1610 doetrinae
940 1561 1038 1632 praxis,
1052 1565 1140 1614 saltem
1148 1565 1176 1614 in
1186 1565 1287 1618 deceat

259 1621 403 1682 bisuntini,
419 1619 499 1674 adhinc
509 1628 656 1688 conformis,
668 1631 694 1676 et

289 1691 315 1738 si
324 1703 363 1738 res
372 1694 453 1752 magni
462 1695 495 1742 sit
503 1697 636 1755 momenti,
646 1697 672 1744 in
682 1691 849 1754 xenodochio,
860 1695 912 1762 vel,
921 1697 981 1760 eie,
991 1700 1140 1762 collocanda,
1147 1701 1176 1752 ut
1185 1703 1226 1754 vel
1233 1702 1287 1764 ipsa

259 1757 300 1806 rel
311 1757 364 1815 eius
374 1761 442 1808 valor
452 1763 676 1812 reddaturdomino
687 1763 708 1808 si
719 1764 869 1820 compareat.

287 1825 365 1874 Nota:
376 1827 401 1874 l⁰
419 1819 574 1878 inventorem
583 1841 653 1893 posse
671 1829 794 1877 deducere
805 1831 875 1880 dere
886 1833 1011 1882 reddendi
1020 1835 1145 1898 impensas
1154 1852 1216 1898 quas
1226 1839 1288 1892 fecit

258 1893 402 1952 inquirendo
413 1897 549 1948 dominum.

288 1962 349 2010 llota
357 1963 393 2012 2⁰.
403 1963 473 2024 Quid
483 1966 503 2011 si
513 1959 772 2022 noninquisieritquis
779 1975 835 2012 rem
844 1966 983 2026 perdiderit
993 1981 1096 2038 eamque
1106 1977 1288 2035 consumpserit

258 2030 337 2081 autin
348 2045 433 2082 causas
443 2034 495 2092 pias
506 2029 668 2094 impenderit,
678 2031 794 2080 teneatur
803 2035 954 2094 aequivalens
965 2039 1068 2088 reddere
1079 2041 1178 2102 domino
1189 2053 1287 2108 compa-

257 2100 331 2148 renti.
343 2101 369 2149 Si
379 2103 461 2148 autem
481 2097 595 2147 dominus
610 2111 660 2148 non
679 2103 833 2162 compareat,
849 2102 1045 2168 poeuiteutiique
1064 2105 1151 2158 ductus
1166 2111 1287 2172 inventor

257 2179 355 2216 omnem
364 2171 395 2216 ad
404 2165 562 2226 reparandam
573 2167 672 2234 eulpam
682 2169 836 2228 diligentiam
846 2173 962 2224 adhibent
979 2176 1110 2238 inutiliter,
1122 2179 1153 2227 ad
1166 2180 1248 2234 minis
1259 2184 1286 2234 in

257 2249 342 2286 causas
357 2237 409 2296 pias
427 2235 554 2293 impendat
568 2249 636 2296 rem,
648 2241 706 2298 quia
725 2238 998 2298 ejusdem‘conditionis
1008 2247 1107 2296 videtur
1125 2247 1177 2300 iere
1187 2264 1225 2304 ac,
1235 2253 1284 2302 tur.

256 2305 304 2364 Sed
314 2301 417 2353 ulterius
423 2303 660 2366 'teneturueivide3
672 2309 693 2356 si
704 2323 778 2370 opus,
787 2312 923 2372 longiorem
934 2316 1009 2376 huius
1020 2317 1090 2367 casis
1099 2321 1125 2368 et
1135 2322 1188 2379 ejus
1198 2335 1285 2385 aeque-

256 2375 335 2420 larum
344 2371 522 2420 discussionem
533 2375 599 2434 apud
609 2377 701 2437 Collet,
714 2377 823 2440 dejure,
834 2395 888 2444 cap.
903 2385 927 2442 5,
941 2384 1052 2434 sectione
1063 2389 1089 2448 h,
1098 2392 1189 2448 puncto
1197 2392 1221 2439 ἲ.

261 2443 262 2448 ’
285 2439 344 2485 Nota
354 2437 390 2486 5⁰.
400 2439 516 2489 Inventor
524 2444 588 2490 nihil
598 2447 689 2504 praeter
699 2449 823 2507 impensas
841 2451 868 2497 in
878 2451 977 2500 domino
994 2455 1141 2516 inquirendo
1158 2461 1201 2508 aut
1211 2461 1284 2511 aliter
1324 2457 1328 2467 '

252 2502 317 2564 juste
328 2506 418 2568 tactas,
437 2511 538 2570 exigere
555 2514 649 2573 potest,
662 2517 690 2564 ut
706 2529 759 2567 rem
772 2518 870 2567 domino
886 2522 981 2572 reddat.
991 2526 1072 2574 Potest
1082 2527 1164 2575 tamen
1175 2531 1283 2589 pretium

254 2575 376 2638 inrentpri
386 2579 533 2637 promissum
542 2583 583 2630 vel
594 2583 668 2630 aliam
678 2585 810 2644 quamdam
820 2593 1046 2640 remunerationem
1057 2597 1185 2656 acceptare
1190 2631 1201 2657 „
1218 2600 1243 2652 si
1252 2601 1283 2647 li-

253 2637 336 2692 bertas
346 2645 445 2695 domino
454 2648 615 2710 relinquatur.
623 2652 802 2711 Sedinjustitiae
809 2655 929 2713 admitte
939 2673 995 2708 reus
1005 2667 1069 2712 esset
1077 2665 1098 2716 si
1106 2665 1133 2713 iu
1143 2667 1295 2718 interitione.

254 2711 358 2764 haberet
366 2729 432 2777 rem,
442 2718 492 2767 nisi
502 2720 583 2768 oblato
594 2721 619 2768 et
629 2724 730 2783 accepto
740 2726 856 2788 praemio,
865 2741 914 2780 nan
924 2729 1036 2778 reddere.
1087 2775 1091 2782 .

635 2837 636 2842 '
726 2847 799 2931 *sn-
840 2929 842 2932 ,

396 3005 433 3052 De
443 3005 605 3067 occupatione
616 3009 737 3062 bonorum
749 3015 923 3064 derelictorum
931 3019 972 3066 vel
983 3021 1132 3081 vacantium.

294 3145 367 3234 394.
392 3138 657 3225 Bonn'derelicta
684 3181 720 3222 ca
749 3173 819 3224 sunt
843 3182 913 3251 quae
938 3161 1080 3234 dominus
1111 3193 1147 3236 eo
1174 3171 1279 3240 animo

250 3240 364 3330 abjecit
374 3257 407 3310 ui
420 3269 482 3312 non
494 3244 556 3314 sint
570 3272 638 3318 sua.

291 3337 369 3404 June
383 3355 500 3407 naturae
512 3359 582 3409 sunt
593 3331 696 3435 primo
710 3349 898 3439 occupantis.
915 3347 993 3418 Jurc
1004 3349 1090 3420 civili
1104 3355 1277 3446 (713)sunt

249 3430 466 3522 gubernii(a),
492 3451 521 3504 ct
543 3437 662 3526 legibus
685 3439 924 3530 particularibus
943 3447 1122 3540 regulantur
1150 3456 1220 3542 jura
1244 3459 1276 3526 in

249 3549 367 3596 merces
378 3530 411 3598 in
423 3555 510 3603 maer
523 3533 678 3624 pr0j‘tctds¹
689 3537 778 3626 (717)
789 3538 848 3622 (b).
914 3537 919 3541 ⁵

290 3621 374 3692 luter
388 3625 469 3693 bona
482 3624 629 3694 derelicta
644 3633 850 3725 computanda
862 3659 924 3704 non
948 3655 1018 3708 sunt
1032 3641 1114 3712 hona
1136 3648 1278 3740 projecta

248 3712 549 3810 it'iraufragantibus,
564 3748 620 3791 nec
636 3749 673 3794 ea
685 3750 756 3818 quae
769 3747 896 3825 propter
907 3733 1083 3810 incendium
1095 3739 1271 3833 ejiciuntur,

205 3831 216 3844 ⁴·
246 3809 319 3902 pria
333 3813 495 3904 ejiciuntur
508 3831 543 3886 ut
555 3837 771 3898 conserventur
778 3825 836 3908 (c).
