2984 4666
585 339 821 398 nucluodi.
1149 350 1218 426 291

195 427 314 480 laborant.
324 427 374 480 sed
387 427 442 482 bac
451 425 514 480 lorti
523 428 625 492 rioldbr
633 432 719 496 opinio
726 444 773 482 nec
783 431 822 480 sat
831 441 965 485 mosomus
972 427 1109 483 definitioni
1120 445 1223 495 operam

196 500 334 549 servilium.

224 570 256 618 ut
266 569 368 618 liberale
378 564 471 616 babent
481 565 606 627 designare
618 567 645 616 in
654 567 740 617 cbarti
748 568 814 631 quod
823 569 861 618 ost
868 569 1222 636 pingendummdifloandum,

193 638 253 699 etc,
271 639 373 687 sednon
384 639 449 698 ipsas
458 637 567 698 picturas
578 637 668 686 tacere.

224 706 259 772 (b)
271 711 299 756 ln
310 708 409 756 dioecesi
420 705 547 755 Bisuntinl
558 719 607 754 non
618 707 734 756 ridentur
748 707 868 768 probibitl
879 708 949 768 parri
961 710 1086 758 mercatus
1095 709 1123 760 in
1130 712 1223 774 mribus

192 776 287 826 fluctus
298 779 323 826 et
331 777 379 824 alia
391 776 553 824 comestibilia
564 776 735 824 divendantur
745 777 776 823 ad
791 790 863 824 usum
877 777 1056 837 quotidianum.

222 847 284 896 item
293 847 441 894 excusantur
455 845 497 906 qui
519 845 695 892 conventiones
715 846 803 894 breves
814 845 921 906 iaciunt,
932 847 975 894 aut
985 848 1045 895 eunt
1055 847 1086 898 ad
1099 850 1222 901 nundinas

191 915 337 978 quibusdam
356 915 382 962 in
393 915 452 962 locis
468 915 499 962 ob
518 915 611 962 bonum
621 912 750 974 publicum
761 915 848 963 diebus
859 917 951 977 sacris,
966 929 1016 965 non
1034 920 1222 970 solemnioribus

191 984 591 1044 uecdominicis,toleratas.coll.
603 983 696 1044 andeg.
716 979 800 1032 contri
816 986 912 1033 Pontes.

220 1055 250 1103 lit
263 1055 411 1113 tolerantur,
431 1055 560 1114 forsanque
578 1048 628 1113 iim
643 1067 676 1101 ex
691 1054 870 1102 consuetudine
881 1050 976 1103 utverd
990 1055 1110 1117 permissa
1130 1057 1219 1108 haberi

189 1125 290 1186 possunt
301 1124 472 1172 conventicula
483 1123 514 1170 ad
525 1123 683 1178 vendendum
694 1122 719 1170 et
728 1123 860 1185 emendum
869 1123 970 1184 fundos,
986 1120 1060 1184 vulgo
1072 1125 1138 1174 dicta
1148 1117 1220 1174 moass

188 1195 230 1250 tce,
239 1189 354 1252 cncblrcs,
363 1206 418 1252 quae
429 1192 480 1238 ruri
491 1191 553 1240 liunt
561 1193 616 1251 post
625 1201 749 1251 vesperas.
761 1192 854 1239 Saltem
862 1189 904 1240 bic
914 1187 995 1254 potiris
1004 1193 1136 1242 coendum
1144 1191 1220 1256 quim

189 1255 277 1310 eboni
288 1261 334 1308 lide
351 1259 475 1307 inutiliter
485 1260 637 1318 probabilius
652 1260 737 1306 iideles
745 1260 860 1307 educere.

215 1327 252 1392 (c)
264 1324 484 1388 uetustissimos,
499 1328 594 1387 privata
611 1326 745 1385 iuramenti
765 1328 888 1388 praestatio
903 1327 935 1378 ad
953 1330 1145 1382 confirmandum
1159 1345 1219 1380 con·

187 1398 305 1447 mactum:
325 1398 506 1458 praestationem
517 1396 583 1443 enirn
603 1396 737 1453 iuramenti
755 1396 829 1443 sacris
843 1396 930 1445 diebus
941 1397 1087 1458 simpliciter
1103 1400 1218 1459 probibet

187 1466 241 1528 ius,
251 1467 300 1516 nisi
308 1467 372 1514 adsit
380 1466 514 1513 necessitas
522 1465 565 1512 aut
583 1477 672 1524 urgens
683 1465 787 1512 utilitas.

644 1545 762 1562 *an—n·-

141 1650 144 1658 ,
167 1625 171 1633 ’
229 1603 303 1668 331.
318 1597 389 1666 Nec
400 1596 510 1666 diebus
526 1595 622 1700 sacris
638 1589 844 1690 prohihentur
858 1621 953 1692 opera
966 1597 1142 1666 communia
1152 1598 1213 1685 (a).

216 1753 255 1820 ’(α)
265 1755 299 1806 ut
306 1756 355 1804 iter
365 1767 454 1815 agere,
465 1754 541 1802 etiam
551 1766 608 1802 cum
619 1754 705 1803 bestiis
715 1764 790 1802 onere
800 1755 902 1815 solutis,
913 1753 964 1804 imb
971 1754 998 1804 et
1007 1755 1045 1805 eis
1052 1767 1128 1806 onera
1138 1759 1217 1819 impo-

185 1839 261 1886 nere,
271 1826 300 1874 ut
310 1825 407 1872 itineris
417 1824 559 1872 accessoria.

215 1895 375 1944 Venationem
386 1893 412 1940 et
431 1893 593 1953 piscationem
613 1892 728 1952 probibet
745 1891 881 1940 Concilium
902 1891 1025 1941 bleldense
1040 1895 1100 1945 anni
1114 1895 1174 1956 840,
1187 1899 1217 1946 et

183 1965 283 2014 servilia
295 1975 324 2011 ea
334 1961 450 2023 supponit
463 1957 505 2023 'jus
515 1961 674 2022 canonicum,
690 1961 855 2023 permittendo
866 1961 956 2020 piscari
971 1961 1078 2022 haleces,
1090 1964 1121 2010 ob
1129 1979 1214 2017 neces·

183 2034 292 2082 sitatem.
301 2032 364 2078 ilinc
373 2042 423 2078 non
433 2029 522 2077 desunt
532 2031 576 2089 qul
585 2030 638 2078 haec
649 2029 757 2076 babeant
766 2029 796 2075 ut
805 2027 939 2088 prohibita.
950 2025 987 2076 iti
996 2031 1024 2077 P.
1034 2031 1096 2077 Gab.
1106 2034 1174 2092 Ant,
1185 2033 1213 2084 et

183 2101 270 2150 i'beol.
289 2100 361 2156 Pict,
372 2098 402 2144 ut
411 2097 472 2156 quid
481 2097 569 2145 tutius.

214 2167 417 2216 bladium-tenent
427 2166 517 2225 Collet,
527 2167 554 2213 P.
566 2165 671 2212 Thomas
680 2166 706 2214 et
716 2165 833 2224 Billuart,
842 2164 908 2213 inter
919 2165 1019 2214 servilia
1030 2173 1213 2223 annumerando
1261 2221 1266 2226 ,,

183 2238 345 2299 piscationem
356 2236 381 2284 et
391 2235 611 2295 sanationemque
621 2235 685 2282 liunt
702 2247 759 2281 cum
773 2234 963 2295 laboremegno
982 2236 1008 2284 et
1017 2239 1148 2299 apparatu,
1169 2243 1214 2291 sed

183 2318 233 2355 non
244 2307 264 2355 si
274 2319 331 2356 cum
339 2317 424 2366 parso.
436 2305 472 2351 Do
481 2304 520 2351 bis
531 2297 667 2352 secundum
678 2315 834 2352 communem
842 2315 940 2352 sensum
954 2305 980 2353 et
990 2319 1062 2354 usum
1074 2308 1213 2368 legitimum

183 2377 269 2436 patria
277 2374 438 2433 iudicandum
446 2372 553 2421 videtur.
563 2373 603 2421 Sic
613 2374 711 2421 venatio
722 2386 779 2422 cum
789 2371 912 2434 catapultis
921 2375 987 2434 apud
995 2388 1040 2424 nos
1049 2380 1211 2436 permittitur.

139 2493 143 2502 ,
183 2445 233 2492 Noc
246 2445 364 2493 videntur
374 2441 504 2490 damnandi
515 2443 574 2502 qui,
586 2445 746 2492 recreationis
762 2441 850 2503 causi,
860 2455 919 2492 cum
932 2444 1004 2492 bamo
1013 2445 1152 2510 piscantur,
1165 2449 1212 2500 ubi

182 2512 269 2561 lidoles
277 2509 334 2562 indi
347 2525 397 2560 non
407 2509 610 2560 scandalizantur.

212 2584 255 2632 ist
265 2579 402 2642 magnabic
418 2582 524 2640 amatur
533 2583 649 2643 questio,
664 2576 725 2632 num
740 2581 860 2632 videlicet
875 2585 1006 2643 peccatum
1019 2586 1211 2647 computandum

182 2650 215 2701 sit
224 2652 290 2701 inter
299 2663 373 2712 opera
390 2649 505 2698 servilia?

211 2722 311 2770 Certum
319 2721 419 2768 ridetur
427 2720 489 2767 illud
499 2731 548 2767 non
557 2732 610 2768 esse
620 2721 709 2767 servile
719 2719 747 2766 in
763 2731 837 2766 sensu
853 2719 954 2777 sirleto,
965 2719 1097 2780 Petrosqne
1111 2723 1137 2769 et
1147 2724 1211 2773 Doc-

181 2789 247 2838 tores
256 2823 263 2848 ,
273 2790 449 2848 Augustinum,
460 2789 591 2845 'l'bomam‚
600 2787 765 2846 Antoninum,
774 2787 985 2847 Beneuentum,
994 2788 1037 2848 qui
1045 2789 1082 2836 sic
1095 2789 1159 2838 illud
1168 2804 1211 2854 ap·

182 2856 321 2918 pelltmnt,
333 2857 359 2902 in
368 2869 441 2902 sensu
455 2856 558 2914 mystico
567 2856 660 2902 locutos
672 2868 734 2902 esse.
1152 2857 1155 2861 '

212 2917 329 2974 sederim
340 2925 426 2971 saltem
438 2924 621 2970 circumtantia
631 2923 681 2970 diei
701 2923 757 2970 testi
768 2921 806 2970 est
821 2921 964 2970 declaranda
980 2925 1009 2972 ut
1027 2926 1136 2986 speciem
1153 2939 1211 2978 mu·

181 2989 373 3043 tanstdbsoluti
388 2995 413 3042 et
429 2987 518 3039 meriti)
532 2994 622 3052 nogant
638 2995 665 3039 P.
677 2993 738 3040 (lab.
754 2994 821 3053 rint,
830 2993 915 3040 Tironi.
930 2995 1001 3053 hot,
1017 2995 1134 3056 Billuart,
1147 2999 1209 3060 etc,

181 3063 239 3123 quia
250 3062 362 3123 quamvis
371 3061 499 3120 peccatum
509 3061 542 3109 sit
551 3056 634 3110 contri
643 3061 717 3109 inem
728 3061 895 3109 extrinsecum
907 3063 1024 3124 precepti
1033 3064 1064 3112 de
1072 3067 1211 3117 sanctitica-

179 3132 247 3181 tione
258 3130 355 3178 dierum
366 3141 502 3188 sacrarum,
514 3141 562 3176 non
574 3131 611 3178 cst
620 3125 703 3178 contri
714 3131 865 3190 preceptum
877 3130 967 3192 ipsum.

209 3195 302 3250 veriam
315 3193 376 3246 nim
387 3199 473 3246 sallem
485 3199 521 3246 est
532 3195 574 3247 bic
593 3199 777 3248 circumstantia
791 3198 934 3246 notabiliter
953 3197 1101 3258 aggravaret
1116 3202 1210 3262 Negant

180 3265 260 3318 adhirc
270 3269 347 3318 iideru
357 3268 421 3328 nisi,
435 3269 460 3314 l⁰
475 3267 594 3316 exterieri
609 3269 693 3330 'cultui
704 3268 833 3327 peccatum
853 3267 919 3327 quod
936 3267 1100 3316 committitur
1114 3271 1210 3319 notabi-

116 3351 124 3362 ·
179 3341 238 3387 liter
247 3340 380 3400 repugnet,
392 3339 420 3386 ut
430 3335 483 3385 ludi
499 3335 630 3395 theatrici,
644 3337 755 3394 choreae,
766 3337 955 3384 comessationes
965 3334 1017 3384 totu
1029 3333 1133 3386 teredio
1152 3352 1209 3400 pro-

180 3408 278 3465 tracte,
290 3401 304 3452 i
315 3407 429 3455 conciliis
440 3409 466 3456 et
483 3408 596 3454 Patribus
612 3401 662 3453 tlm
678 3407 768 3454 acriter
778 3407 911 3466 prohibita.
931 3407 993 3454 item
1011 3403 1075 3466 sape
1086 3409 1209 3468 ebrietas,

182 3477 302 3526 consortia
311 3489 385 3540 pram
397 3489 453 3524 cunr
466 3477 626 3538 turpiloquiis
639 3475 744 3536 aliisque
758 3475 921 3536 impudicitiis
931 3476 997 3524 inter
1003 3476 1109 3534 juvenes
1116 3476 1209 3525 diversi

181 3544 265 3595 sexis.
276 3544 327 3594 Nisi
335 3543 370 3603 2⁰,
378 3545 448 3602 juxti
459 3546 534 3604 alios,
546 3547 749 3594 enormiasaltcm
757 3541 942 3593 committantur
951 3546 978 3592 ln
988 3545 1128 3592 celebribus
1138 3545 1209 3594 festi·

181 3615 300 3667 vitatibus
307 3614 406 3660 Pascbae
414 3646 421 3672 ,
429 3615 746 3673 pentecostes,llatiritatis
757 3614 869 3672 Domini,
880 3607 1039 3672 parasceves,
1048 3613 1106 3671 etc,
1115 3613 1209 3672 qulbus

181 3685 275 3736 addunt
284 3683 384 3744 quidam
392 3682 459 3729 diem
470 3684 656 3733 communionis.
666 3679 740 3731 lintri
751 3684 795 3730 hos
804 3682 931 3742 casus‚qai
943 3683 1000 3729 sunt
1009 3681 1071 3740 iuris
1078 3681 1207 3744 neutralis,

180 3755 340 3806 securitatem
359 3753 417 3800 dare
432 3751 530 3800 videtur
543 3753 627 3812 praxis
641 3753 842 3801 confessariomm
858 3749 884 3799 et
893 3749 1206 3799 sententia·modcmorum

182 3823 332 3881 communis,
348 3833 417 3882 quae,
429 3820 511 3880 inquit
520 3820 550 3866 D.
562 3821 641 3879 Dens,
653 3821 712 3870 tacit
730 3833 828 3872 sensum
838 3819 901 3880 legis
910 3818 1021 3880 positiva
1031 3818 1062 3866 de
1072 3817 1120 3880 put
1127 3815 1205 3868 solim

182 3892 270 3952 agitur,
281 3887 340 3942 licet
353 3885 485 3942 alluslortd
495 3883 566 3938 antei
576 3889 671 3938 luisset.
1136 3921 1138 3926 -

1077 3969 1117 4020 19.
