2984 4666
385 385 388 392 ,
587 307 826 380 ιιιοιιοιιι.
909 293 939 320 ’Ὺ
1157 328 1222 379 eor

169 466 173 475 ι
203 408 234 460 ed
242 409 306 474 quod
316 410 403 461 natura
413 408 535 462 instabilia
544 404 646 474 slt,lroe
654 413 683 462 lit
692 425 738 476 per
746 413 869 464 accidens.
879 411 939 476 Spes
948 408 1018 467 firma
1026 414 1229 463 remunetione

202 481 412 598 ‘lviiiiidlsleidrsan
422 545 495 611 quim
504 531 619 611 putatum,
629 551 749 599 m'undani
761 551 866 600 eliciunt
879 551 949 607 actus
959 551 1025 613 spei,
1036 551 1094 612 qnia
1107 563 1155 599 non
1166 547 1229 601 desi-

201 617 471 679 derantpossessionom
479 620 525 667 Dei
536 619 565 668 ut
573 632 642 668 suam
653 619 842 680 beatitudinem,
851 622 917 680 quod
924 621 1007 669 tamen
1016 619 1165 668 desiderium
1173 633 1229 680 spes
1296 618 1298 622 '

202 685 341 736 necessario
351 689 526 748 praesupponit
537 689 646 749 Cupiunt
655 689 742 736 sallem
752 686 834 750 saepe,
848 687 924 738 solium
936 703 985 737 non
996 689 1115 736 damnari.
1124 689 1176 736 Non
1186 689 1229 739 de-

203 755 484 816 arderanteoelumnrsi
494 757 673 817 postmortem
685 759 799 806 Attamen
811 755 967 807 cumbonum
981 759 1067 807 absens
1078 757 1229 808 desideratur

203 820 276 884 vert,
287 835 356 872 mens
365 825 450 884 eupit'
441 837 493 892 ιιιιιι
504 825 645 885 possidere,
656 827 736 886 inquit
747 826 870 876 meritoP.
875 823 948 875 Ant.
941 825 1066 874 adoritit.

232 894 306 942 Pueri
317 891 388 943 eante
398 895 423 942 et
433 895 554 954 paulatim
564 895 704 943 adducendi
718 897 776 943 sunt
791 897 823 944 ad
838 897 885 944 lroe
900 895 1058 956 desiderium,
1077 895 1153 958 prout
1166 895 1229 944 ratio

203 973 288 1012 eorum
298 963 388 1024 ,fides,
397 964 526 1026 pietasque
537 963 652 1012 excitate
663 963 786 1012 crescunt.

658 1056 771 1071 ῌ

245 1119 319 1183 228.
337 1113 417 1208 Spei
431 1101 628 1209 opponuntur
640 1113 815 1207 desperatio
829 1139 886 1208 per
901 1115 1083 1198 defectum,
1099 1131 1129 1185 et
1142 1141 1229 1209 prae·

203 1227 337 1306 sumpuo
349 1236 406 1303 per
418 1235 588 1279 excessum
614 1210 761 1303 Utraque
773 1211 914 1286 mortalis
929 1234 973 1280 esc
985 1233 1100 1302 genere
1109 1237 1183 1303 spo
1198 1227 1229 1282 et

202 1299 368 1400 aliquando
381 1305 566 1374 haereticalis
587 1305 648 1391 (a)

245 1401 347 1470 Sed
325 1417 418 1468 umor
432 1425 563 1490 magnus
583 1400 714 1468 salutem
727 1425 790 1468 non
790 1403 1015 1510 consequendi
1026 1428 1088 1471 uon
1108 1420 1154 1472 est
1169 1405 1228 1472 de-

201 1495 340 1590 speratio
352 1497 410 1580 (b)
440 1493 496 1563 Ad
510 1494 591 1564 hane
614 1494 695 1564 enim
710 1489 878 1588 requiritur
892 1514 927 1566 ut
950 1496 1043 1566 homo
1057 1499 1228 1567 voluntarie

204 1606 319 1700 statuat
333 1589 465 1684 amplius
477 1617 538 1658 non
552 1613 699 1685 prosequi
689 1591 944 1660 beatitudinem
943 1609 977 1662 et
991 1593 1055 1664 alia
1063 1594 1144 1662 hona
1156 1619 1228 1690 pro-

204 1685 321 1768 missa,
348 1701 383 1753 ut
394 1701 466 1752 vrtae
482 1687 745 1768 emendationem,
768 1688 808 1755 oh
831 1687 1062 1782 persuasionem
1082 1689 1227 1761 volunta-

203 1781 285 1850 riam
299 1739 542 1891 impossibilitati
533 1808 559 1849 rs
575 1807 612 1850 ea
626 1770 797 1850 uhtinendi.

244 1875 324 1944 Item
343 1876 497 1945 s1srdu'cia
514 1877 741 1946 misericordiae
764 1878 884 1946 nonsit
904 1879 985 1948 ratio
1007 1881 1125 1948 motivo
1148 1906 1226 1973 pec-

203 1971 313 2054 candi,
330 1974 391 2082 ‘sed
406 1973 506 2040 solium
520 1973 744 2049 concomitans,
767 1999 830 2040 non
844 1989 889 2040 est
903 1973 1030 2066 proprie
1052 2000 1226 2079 praesump-

202 2067 248 2134 tio
259 2065 359 2160 ,quia
370 2069 411 2134 ad
424 2067 504 2135 hanc
514 2067 702 2159 requiritur,
719 2069 802 2156 qudd
814 2083 957 2160 peccator
969 2067 1142 2134 inordinate
1157 2093 1226 2135 cou-

176 2239 180 2246 ,
203 2164 279 2230 fidat
288 2162 510 2232 beatrtudlnem
522 2179 552 2231 et
563 2162 625 2230 aha
634 2186 789 2256 promissa
799 2185 921 2290 esseque
911 2161 1022 2230 aliter
1033 2187 1126 2254 quarn
1137 2163 1225 2232 Deus

202 2257 309 2327 statuit
329 2261 440 2344 (c.)

244 2353 322 2423 Haec
334 2371 438 2422 tamen
446 2377 536 2446 quae
543 2353 585 2422 ad
594 2350 840 2446 desperationem
852 2367 884 2420 et
894 2368 1163 2447 praesumptionem
1177 2377 1225 2422 ae·

204 2451 338 2532 cedunt,
365 2463 435 2518 sunt
448 2463 575 2558 peccata
588 2449 708 2538 majora
721 2473 822 2514 mmor
825 2473 893 2515 ave

243 2544 480 2639 Desperatioms
503 2569 631 2627 causae,
648 2569 686 2610 ex
710 2542 754 2664 D.
769 2541 929 2632 Themi,
957 2541 1080 2612 luxuria
1102 2558 1174 2612 sunt
1193 2558 1231 2614 et·
1257 2623 1260 2630 Ι

204 2640 323 2708 acedia.
448 2651 452 2656 ’
1274 2640 1282 2652 '

244 2734 500 2828 Praesumptionis
514 2736 605 2817 veri),
627 2731 774 2828 superbia
789 2748 818 2800 et
831 2731 954 2824 gloria
945 2731 1057 2800 manis.

236 2901 272 2965 (a)
283 2905 351 2952 'lune
362 2896 453 2964 duplex
464 2904 501 2952 est
510 2905 648 2964 peceatum.

234 2973 394 3032 Praesumptio
410 2974 509 3032 gravior-
525 2975 561 3020 est
572 2971 645 3053 quim
664 2972 810 3034 desperatio.
828 2971 936 3033 Utraque
946 2970 1024 3030 major
1036 2981 1109 3032 quam
1123 2970 1224 3032 peecata

202 3037 286 3092 oontm
297 3041 400 3090 virtutes
408 3042 546 3100 naturales,
555 3043 635 3094 mitior
643 3042 724 3088 tamen
735 3035 808 3100 qu'am
822 3041 952 3088 infidelitas
965 3040 991 3088 et
1004 3041 1087 3087 odium
1097 3040 1153 3086 Dei.

233 3103 343 3163 venialis
354 3111 491 3172 desperatio
501 3111 558 3170 est,
561 3111 580 3156 si
592 3111 647 3171 quis
661 3111 756 3158 omittat
766 3110 873 3170 aliquem
881 3110 963 3156 actum
973 3109 1072 3156 vinulis
1078 3109 1224 3168 ,desperans

203 3191 276 3240 eum,
284 3182 314 3228 ut
323 3193 368 3240 par
379 3181 417 3228 est
427 3180 517 3238 exequi
528 3179 608 3239 posse
615 3181 676 3227 liem
687 3179 790 3227 venialis
798 3179 965 3238 praesumptio,
970 3177 991 3224 si
1001 3178 1107 3227 venialia
1117 3178 1148 3226 ob
1156 3189 1223 3236 spem

202 3249 385 3296 condonationis
395 3249 586 3296 committantur.
596 3252 625 3307 Ρ.
635 3251 685 3296 los.
696 3250 754 3296 Aut.

180 3333 184 3336 ·
235 3315 269 3378 (b)
280 3319 329 3364 Nee
340 3317 469 3378 ‹lesperare
481 3318 677 3366 emendationem
686 3315 744 3364 vitae
754 3316 795 3363 uel
806 3315 909 3362 salutem
927 3314 1057 3374 consequi,
1069 3326 1100 3360 ex
1117 3313 1229 3360 conside-

202 3385 296 3432 ratione
308 3398 357 3432 suae
366 3387 514 3434 ininmitatis
523 3386 698 3446 ,pecccatorum
709 3385 848 3444 gravitatis3
859 3381 930 3432 modio
943 3395 991 3430 non
1010 3383 1155 3438 excludatur
1170 3395 1224 3440 spes

203 3453 293 3500 divinae
304 3452 485 3502 misericordiae
495 3457 523 3502 P.
536 3456 591 3504 Aut.
604 3453 720 3502 dGorttiet
728 3456 750 3500 el
758 3455 807 3501 ulii.
817 3453 908 3502 Saltem
918 3453 956 3500 est
966 3452 1000 3498 ibi
1012 3451 1224 3510 aliudpeccatunr.

232 3521 284 3567 Non
293 3529 388 3578 semper
399 3521 546 3568 credendum
557 3522 755 3582 pusillanimibus
774 3522 817 3580 qui
835 3521 981 3570 confitentur
997 3519 1097 3576 peccata
1111 3517 1224 3578 despera-

201 3588 285 3636 tionis.
298 3587 322 3634 Si
334 3588 467 3635 orationem
475 3589 504 3634 ct
512 3590 560 3636 alia
571 3591 656 3637 salutis
667 3602 752 3650 opera,
763 3591 792 3636 ut
802 3591 966 3644 sacramenta,
980 3599 1028 3633 non
1038 3581 1194 3644 omiserint,'
1185 3599 1224 3644 Ju-

157 3714 163 3722 ,
202 3657 298 3706 dicandi
310 3656 379 3716 sunt,
390 3652 512 3704 ordinarie
520 3656 606 3704 saltem
616 3657 799 3718 desperationi
809 3667 858 3704 non
868 3653 1026 3702 consensisse.

233 3725 295 3772 Ellri
304 3689 444 3784 ,inqilto
454 3725 586 3784 Dens,qui
596 3690 707 3784 iddieunt
720 3739 746 3774 se
765 3739 779 3773 a
795 3719 949 3772 beatitudine
961 3720 1074 3782 excludi,
1093 3713 1165 3769 morld
1176 3733 1223 3770 non

203 3794 314 3845 diffidant
322 3795 352 3842 de
363 3792 420 3854 ille,
430 3806 477 3841 nee
488 3793 518 3840 de
528 3795 616 3841 mediis
626 3795 656 3840 ad
671 3807 724 3850 ιιιιι
737 3793 921 3854 assequendam.

235 3859 287 3913 etl
300 3863 393 3914 fortiori
402 3877 447 3924 qur
438 3861 588 3910 horribiles
598 3859 680 3910 count
692 3863 785 3922 llerrm,
800 3863 827 3910 B.
839 3861 978 3930 yirginem,
989 3861 1047 3920 ete,
1066 3871 1116 3920 coel
1112 3859 1222 3908 italiones
