2932 4658
360 435 371 444 „
548 341 815 420 'nncnnoen
1109 345 1212 420 Ι355

231 447 309 518 cha
322 447 447 518 fortiori
464 437 610 543 aspectus
633 475 696 519 non
715 465 844 530 turoes‚‘
861 463 896 518 ut
914 465 1053 546 aspectus
1066 458 1213 523 manuum

187 545 349 625 mulieris,
365 545 420 638 qui
435 543 602 642 saepissime
615 545 781 639 nequidem
794 562 1004 640 suntpeccata.

233 640 297 710 Sed
308 641 342 708 in
354 641 405 710 his
418 641 558 708 omnibus
567 640 654 708 absit
667 666 790 736 semper
806 641 927 710 animus
943 641 1144 725 libidinosus,
1154 667 1213 712 nee

186 735 273 804 adsit
286 736 422 832 speciale
443 735 526 829 quod
542 735 709 827 aliquando
732 737 771 805 ob
786 761 932 828 magnam
948 738 988 805 ad
1002 764 1132 806 venerea
1141 763 1213 848 pro-

189 830 380 923 pensionem,
395 829 482 900 adest
493 829 691 898 delectationi
699 856 838 900 venereae
849 831 1059 902 consentiendi
1076 911 1078 916 Ι
1092 859 1214 928 perreu-

184 926 254 996 lum
270 926 463 1021 proximum
477 927 563 1018 quod
577 925 655 995 facit
665 929 746 1016 πρὸ
764 927 938 996 morositas.

220 1094 257 1162 (a)
266 1096 345 1148 Etiam
355 1095 430 1157 pictis
445 1094 489 1142 aut
498 1095 614 1158 sculptis,
633 1096 654 1144 si
669 1095 824 1157 grandiorum
836 1107 1004 1158 personarum.
1014 1097 1117 1145 veniale
1127 1097 1212 1148 tamen

182 1161 278 1226 bobini,
289 1167 317 1212 ut
327 1165 387 1224 quid
395 1162 560 1225 probabilius,
572 1164 597 1212 id
607 1165 683 1213 babet
693 1165 809 1225 Billuart‚
818 1165 876 1226 qtria
887 1167 939 1213 haec
953 1178 1002 1213 uon
1016 1169 1169 1214 commovent
1178 1168 1211 1214 si-

186 1233 373 1291 cntnaturalia3
391 1232 434 1278 sed
448 1234 563 1292 supponit
573 1231 637 1293 quod
646 1234 726 1282 obiter
736 1230 832 1282 tantdm
841 1247 873 1282 ex
894 1235 1035 1283 curiositate
1055 1236 1097 1283 aut
1107 1236 1210 1284 levitate

184 1300 245 1350 flent
254 1303 318 1349 tales
328 1298 450 1360 aspectus.
461 1297 532 1348 certo
542 1314 590 1348 uon
602 1303 700 1350 excedit
710 1304 807 1350 veniale
818 1304 839 1350 si
853 1304 906 1363 quis
920 1305 1113 1364 picturasnudas
1128 1305 1210 1352 intan-
1266 1365 1269 1372 Ι

182 1369 247 1417 tium
256 1383 311 1430 quae
323 1369 349 1416 in
360 1370 462 1428 templis
470 1373 627 1429 exponuntur
637 1372 672 1419 sic
684 1372 794 1432 aspiciat.
804 1373 929 1431 Expositio
940 1373 1022 1420 tamen
1029 1374 1117 1420 barum
1126 1374 1208 1432 pictu-

183 1449 267 1486 rarum
279 1433 447 1497 vituperanda
461 1437 639 1498 obpericulum
657 1441 722 1501 quod
740 1436 954 1500 imaginationibus
970 1441 1060 1489 vividis
1075 1441 1208 1501 objicitur,

183 1501 308 1613 praegipnb
319 1505 340 1552 si
351 1517 397 1552 nec
408 1505 499 1554 leviter
506 1507 619 1568 pudenda
638 1507 771 1568 tegantur,
792 1511 819 1558 et
838 1503 852 1557 l
872 1505 968 1556 tortiori
987 1508 1009 1556 si
1027 1508 1076 1556 sint
1097 1506 1207 1558 taemlnei

183 1575 229 1614 eeu
248 1579 265 1614 s.
309 1579 313 1586 ·

212 1637 283 1700 Quod
293 1642 376 1690 antem
386 1642 453 1703 pieta
463 1636 544 1690 minirs
554 1640 670 1690 moveant
679 1636 755 1704 qubm
772 1639 895 1690 naturalia
916 1641 1024 1702 faterer,
1040 1635 1207 1700 presertlmsi

180 1708 261 1756 artem
270 1711 378 1759 abolevit
389 1713 431 1758 aut
441 1707 642 1758 multdm'minuit
652 1711 769 1759 vetustas.
779 1709 827 1758 Sed
837 1705 978 1760 extribuno
990 1721 1072 1758 casum
1083 1710 1145 1757 ratio
1153 1709 1206 1758 bec

179 1783 231 1826 lron
242 1777 342 1826 videtur
351 1779 525 1838 peremptoria,
536 1779 623 1827 saltem
634 1792 678 1840 pro
687 1779 752 1827 o'mni
764 1791 831 1826 casu.
873 1831 875 1837 y
912 1836 914 1840 ,

211 1846 239 1896 Si
247 1847 356 1894 virorum
367 1844 450 1894 minus
462 1842 535 1907 quam
554 1848 711 1895 toeminarum
721 1849 839 1908 teguntur
852 1846 941 1894 maluae
956 1846 1000 1894 ant
1012 1845 1132 1906 picture,
1146 1841 1205 1892 inde

116 1963 118 1972 ,
179 1915 262 1975 vent,
277 1917 351 1975 puto,
362 1913 427 1976 qubd
438 1911 494 1962 edm
506 1911 520 1964 a
534 1915 620 1964 naturt
632 1917 662 1964 ad
673 1929 757 1964 curam
768 1917 881 1975 corporis
891 1915 1024 1963 videantur
1041 1911 1118 1974 map'rs
1128 1914 1206 1962 desti-

178 1984 243 2032 nata
253 1983 359 2032 toerninae
369 1977 442 2042 quam
449 1983 506 2042 viri,
517 1983 599 2031 minus
606 1985 711 2044 perhoeo
721 1984 992 2044 moveantunquamvis
1001 1995 1050 2043 per
1060 1980 1203 2043 altumapls3

178 2051 221 2102 ael
232 2063 265 2098 ex
274 2051 406 2109 consueto,
418 2045 431 2095 'a
442 2061 491 2109 quo
499 2060 549 2097 non
556 2052 584 2098 tit
593 2052 683 2110 passio.
1026 2096 1030 2103 ,

210 2115 246 2179 (b)
257 2118 305 2166 Aut
315 2118 336 2164 si
346 2114 425 2163 sorim
434 2117 584 2176 aspiciantur
594 2119 648 2176 ejus
656 2110 748 2176 uberes,
757 2120 788 2166 Ρ.
803 2117 861 2170 Ant.
878 2115 894 2164 d
904 2118 1004 2165 couno.
1014 2117 1073 2176 Quae
1089 2117 1204 2176 exceptio

179 2186 261 2247 posset
270 2198 324 2234 esse
334 2198 406 2246 vera,
418 2185 439 2232 si
450 2186 482 2234 sit
492 2187 576 2234 uetula
594 2189 637 2235 aut
654 2197 704 2234 non
712 2186 893 2246 nupernupta,
906 2187 949 2233 aut
957 2186 1042 2246 puella
1050 2186 1206 2244 juniornon-

177 2251 238 2302 ddm
250 2255 366 2316 formata,
378 2255 420 2302 aut
431 2255 451 2302 si
462 2256 576 2315 aspectus
586 2256 628 2304 fiat
638 2267 687 2303 non
699 2256 773 2303 nimis
783 2251 890 2315 morose,
900 2255 1037 2316 praesertim
1049 2257 1070 2302 si
1081 2268 1129 2303 non
1140 2257 1204 2304 tota-

178 2322 237 2372 liter
247 2324 399 2384 discooperta
409 2323 459 2371 siut
469 2324 554 2371 ubera.
565 2324 614 2372 Sed
627 2324 682 2385 quis
692 2320 733 2372 bio
754 2324 887 2372 terminum
902 2325 967 2372 inter
986 2325 1089 2372 mortale
1115 2328 1141 2374 et
1160 2329 1203 2374 ve·

91 2387 95 2398 ’
176 2393 244 2440 niale
258 2405 351 2454 ponere
370 2394 451 2460 potest
461 2392 473 2440 l
485 2393 549 2451 Quot
564 2393 647 2440 eheut
661 2393 765 2451 iuvenes
777 2405 823 2453 per·
845 2393 923 2440 solum
941 2393 1016 2440 etiam
1033 2396 1203 2453 coopertorum

176 2460 281 2508 ubemm
292 2461 420 2522 aspectum
429 2457 513 2510 vivide
527 2461 667 2510 alliciuntur
675 2461 683 2509 t
692 2462 757 2520 Quot
766 2462 793 2509 in
804 2473 834 2510 eo
847 2463 1093 2522 morteminveniunt‚
1102 2465 1160 2524 quia
1170 2464 1202 2512 ad

177 2540 207 2577 ea
217 2531 357 2590 aspicienda
368 2527 498 2580 libidinose
507 2531 637 2580 morentur
646 2527 794 2580 voluntarie.

206 2599 269 2647 ilino
280 2599 310 2648 ob
320 2594 498 2660 perieulum
516 2600 583 2660 gravi
601 2603 703 2660 peccato
723 2613 773 2648 non
791 2599 894 2648 excusat
904 2597 981 2648 collet
995 2599 1089 2658 eosqui
1101 2598 1128 2646 in
1138 2597 1200 2660 viic,

175 2669 273 2730 plateis,
283 2669 384 2730 templis
394 2671 448 2717 sine
458 2670 594 2718 attentione
605 2670 688 2718 oculos
698 2667 894 2729 quoquoversum
904 2669 1043 2716 intendunt.
1055 2663 1125 2716 Certe
1135 2670 1202 2716 mul-

174 2735 229 2784 tdm
239 2749 293 2784 sese
312 2738 454 2798 exponunt,
476 2735 615 2796 praesertim
631 2737 652 2782 si
671 2737 702 2783 ad
716 2747 834 2783 venerem
855 2735 976 2784 inclinati.
989 2735 1037 2782 Sed
1046 2736 1201 2794 quandonam

175 2805 313 2852 mortaliter
321 2817 408 2854 revera
426 2805 531 2864 peccent
540 2837 548 2862 ,
558 2803 723 2850 determinare
734 2803 796 2850 mihl
805 2803 905 2851 videtur
916 2803 1068 2862 impossibile·
1078 2805 1201 2862 generali-

174 2873 215 2922 ter
225 2872 355 2932 loquendo.
376 2868 462 2920 lteritb
481 2872 557 2931 igitur
576 2883 645 2919 suam
653 2872 837 2919 conclusionem
851 2873 973 2930 temperat
982 2872 1077 2929 collat,
1088 2870 1200 2918 addendo

174 2940 312 2990 nontenert
323 2941 464 2989 secularem
483 2940 620 3000 quemlibet
630 2939 743 2990 demissis
763 2940 842 2988 oculis
859 2941 988 3002 incedere,
1005 2953 1051 2989 neo
1066 2940 1199 2990 mulierem
1218 2977 1220 2982 .

174 3019 226 3059 non
240 3009 341 3070 alloqui.
360 3009 444 3056 Addo:
456 3019 503 3056 neo
521 3008 666 3068 alloquendo
682 3021 732 3056 non
746 3007 831 3058 videre
842 3009 868 3056 in
879 3010 982 3070 taciem,
993 3006 1064 3058 modb
1073 3009 1138 3058 oculi
1149 3021 1199 3056 non

174 3078 287 3140 epulor,
299 3078 342 3125 sed
352 3073 412 3137 vage
422 3078 582 3137 moueantur,
591 3077 737 3128 dimittendo
748 3069 820 3138 sepe,
832 3077 938 3127 maxime
950 3081 971 3128 si
982 3091 1085 3140 persona
1099 3079 1128 3126 ad
1139 3079 1199 3126 libi-

173 3143 258 3196 dlnebr
269 3145 424 3194 excitandam
435 3146 537 3206 aptasti.
549 3142 599 3192 lnrb
610 3146 684 3196 timor
693 3149 834 3196 excessivos
850 3149 1000 3221 teptationes
1009 3161 1098 3208 augere
1106 3149 1197 3208 potest,

173 3215 199 3262 et
207 3213 326 3272 invenem
334 3215 436 3262 anxium
445 3207 460 3262 a
468 3227 622 3274 quocumque
633 3212 685 3262 tere
696 3218 796 3276 aspectu
807 3217 941 3265 deterrere.
996 3225 1000 3236 '¹

204 3280 236 3343 (o)
248 3284 311 3330 item
330 3283 415 3331 dicunt
434 3285 506 3332 multi
518 3279 601 3332 eontr'a
617 3284 722 3331 aliosde
743 3286 883 3345 aspectibus
901 3285 1070 3345 pudendorum
1086 3297 1197 3346 persone

171 3351 284 3410 eiusdem
294 3349 369 3398 sends
380 3363 388 3397 a
398 3346 486 3399 reverb
497 3353 556 3399 tunc
572 3353 701 3412 plerosque
717 3352 748 3399 ad
756 3352 886 3400 libidinem
900 3366 950 3400 non
967 3355 1099 3414 provocant
1109 3354 1197 3401 saltem

173 3419 323 3467 notabiliter.
334 3415 440 3467 Facilius
449 3433 481 3468 ex
491 3421 572 3480 tactu,
591 3419 722 3480 inquiunt,
734 3416 807 3480 quarn
818 3433 850 3468 ex
866 3423 967 3482 aspectu
977 3423 1055 3470 oritur
1065 3423 1197 3470 delectatio

174 3495 289 3532 venerea.
299 3486 347 3533 Sed
356 3483 446 3534 iterim
455 3487 621 3536 mibi'uidetur
629 3487 780 3547 impossibile
791 3489 940 3548 generaliter
950 3490 976 3536 et
987 3486 1100 3538 certbbic
1112 3488 1196 3536 deter-

173 3553 268 3601 minare
278 3554 382 3602 limitem
388 3556 497 3602 mortalis
508 3558 534 3605 et
540 3557 654 3617 venialis,
662 3553 758 3617 quanio
768 3559 837 3605 abest
847 3559 926 3605 omnis
936 3558 1031 3608 animus
1036 3557 1200 3621 libidinosus,¹

173 3617 231 3668 edm
249 3621 321 3669 limes
331 3617 372 3670 hle
389 3619 518 3682 pendeata
531 3626 616 3682 majori
635 3627 675 3673 vel
686 3626 775 3672 ruinosi
797 3625 916 3686 periculo.
928 3624 997 3686 Saepe
1009 3623 1066 3686 erpb
1083 3630 1195 3688 aspectus

173 3689 341 3748 pudendorum
351 3690 426 3738 etlam
436 3693 530 3751 proprii
540 3693 658 3754 corporis,
666 3690 725 3742 lieet
734 3697 901 3754 supponantur
911 3695 969 3742 tacti
980 3696 1034 3742 sine
1045 3695 1126 3744 animo
1138 3697 1195 3744 tibi-
1220 3744 1223 3750 ,

173 3759 270 3819 dinosa,
282 3759 310 3806 ut
327 3757 439 3806 mortalia
459 3759 534 3807 dubia
543 3760 688 3809 declaranda
706 3762 777 3821 sunt,
798 3761 879 3823 inquit
889 3760 1049 3830 collet2cdm
1059 3762 1148 3825 uempt
1159 3776 1193 3813 ex

112 3838 144 3886 a(
174 3827 258 3882 maurit
270 3827 448 3876 deliberatione
459 3828 485 3876 et
496 3841 528 3876 ex
538 3827 661 3891 proposito
671 3831 743 3880 tiunt.

159 3950 165 3959 ,
203 3897 240 3942 Ex
249 3897 288 3946 trie
297 3897 416 3948 conclude
426 3898 563 3948 mortaliter
572 3911 690 3960 peecare,
702 3900 727 3948 t·
741 3900 773 3948 ota
784 3896 920 3960 periculum
928 3901 957 3949 tn
967 3899 1031 3962 prod
1039 3899 1100 3948 altor
1110 3901 1191 3962 conji-

730 4005 735 4013 .
1034 3968 1078 4020 23.

766 4136 790 4155 ,.
862 4098 896 4151 'lt
922 4152 999 4221 Ιμ
1036 4099 1134 4278 z'p'm
1242 4083 1341 4198 ὦ..

289 4087 389 4134 ..da
415 4083 544 4141 alth-5¹.
595 4074 625 4118 ss
656 4110 682 4154 t}
725 4120 748 4150 ι,
