2948 4676
564 393 868 460 rmnrrnn'rrre.
1142 449 1144 451 .
1181 381 1228 460 65

234 490 330 562 Certo
330 487 543 610 ⁸indispositus
554 494 768 584 nunquamy
727 493 768 584 [7
774 494 850 576 34].

233 587 336 657 sed
307 613 417 656 cumin
427 602 606 656 necessitato
614 585 784 660 absolvitur
797 585 891 654 dubie
904 573 1092 704 dispositus,
1103 609 1231 656 moucn

197 677 256 753 dos
271 699 317 753 est
330 679 381 768 ut',
394 678 548 752 transacta
557 681 760 766 necessitate,
778 682 915 765 siforte,
928 681 1231 777 ritesedisponatet

198 777 452 847 consessionem
442 793 553 860 iteret,
568 803 596 846 sr
585 777 698 886 apud
711 777 808 850 alium
828 777 1073 862 confessarium,
1093 803 1150 847 nec
1167 777 1231 848 alia
1302 837 1305 842 .

189 881 389 942 'sacramenta
398 873 518 942 interea
532 872 680 968 recipiat.

230 1038 267 1105 (0)
278 1041 366 1103 idest,
380 1041 536 1092 utexcludat
547 1041 665 1101 dubium,
676 1041 789 1102 quamvis
807 1053 857 1091 non
873 1051 973 1092 omnem
989 1033 1157 1092 formidinem.
1176 1001 1231 1094 riou
1320 1091 1323 1099 .

199 1111 274 1172 ornan,
285 1111 368 1172 inquit
377 1113 407 1161 b.
427 1113 549 1170 Thomas,
566 1111 593 1158 in
611 1110 707 1158 actibus
719 1111 833 1160 humanis
851 1112 979 1160 invenitur
994 1113 1117 1160 certitudo
1127 1113 1192 1159 sieut
1203 1112 1231 1160 in

198 1178 402 1228 demonstrativis.
415 1180 513 1228 Suilicit
531 1177 588 1238 argiv
599 1179 720 1226 certitudo
730 1181 842 1227 materiae
862 1181 1025 1241 conveniens,
1042 1194 1087 1228 seu
1103 1181 1231 1239 judicium
1330 1221 1334 1228 .

199 1247 284 1296 nixum
295 1250 386 1298 motivo
397 1243 563 1310 comparative
578 1247 646 1306 arari
657 1247 682 1295 et
696 1249 873 1308 probabiliori,
895 1261 940 1298 seu
961 1249 1093 1298 formatum
1110 1262 1142 1296 ex
1162 1251 1228 1297 veris

200 1317 1232 1378 poenitenliaesignls,quaenonelidanturpersignasuspecta.Sicsuspeotamreddit

200 1387 371 1438 contritionem
379 1399 449 1436 suam
460 1387 536 1434 etiam
544 1385 622 1446 magis
630 1386 798 1445 apparentem,
809 1387 862 1446 qui,
873 1399 923 1434 uon
932 1400 964 1434 ex
975 1387 1180 1448 pusillanimitate
1189 1389 1233 1434 aut

200 1454 342 1514 fragilitate,
353 1455 397 1502 sed
406 1451 501 1502 sinceri
510 1455 551 1502 vel
560 1453 722 1501 minaciteret
730 1455 761 1502 ad
772 1451 968 1514 extorquendam
976 1455 1156 1505 absolutionem
1162 1455 1232 1503 inde·

201 1523 288 1581 bitem,
299 1522 447 1570 dicitse‘nou
458 1519 562 1582 arnpliirs
573 1522 751 1581 confessurum,
763 1522 784 1570 si
792 1535 842 1570 non
850 1524 1000 1585 absolvatur.
1085 1535 1088 1542 ·

234 1587 268 1650 (b)
278 1591 487 1651 Semperquidem
496 1592 521 1638 in
532 1589 653 1638 extremi.
663 1591 706 1638 dst
715 1591 777 1652 quid
785 1592 812 1638 in
820 1591 906 1652 gravit
916 1590 1110 1652 comperandum
1119 1591 1156 1640 est
1165 1590 1232 1652 pen·

202 1657 287 1708 culum
294 1661 360 1722 quod
369 1665 468 1720 gravem
478 1661 558 1708 reddit
569 1659 757 1720 necessitatem,
769 1674 826 1708 cum
835 1662 945 1721 periculo
956 1661 1132 1722 prolabationis
1148 1673 1233 1708 sacra·

202 1729 289 1789 menti,
301 1729 499 1791 inqultdoulinus
507 1731 583 1788 Dens,
595 1730 620 1777 et
628 1729 767 1790 dari'potest
777 1729 908 1789 absolutio,
915 1731 935 1778 si
947 1730 1082 1777 necessitas
1094 1725 1231 1790 praevaleat

202 1797 311 1856 periculo
321 1797 513 1858 indispositioals
524 1799 677 1858 poenitentis.
687 1799 727 1847 sic
738 1799 874 1847 absolvitur
884 1795 941 1847 anti
956 1799 1055 1860 partum
1065 1799 1232 1860 periculosum

201 1868 291 1917 mulier
299 1863 375 1916 dubie
384 1867 515 1928 disposita,
526 1868 599 1916 miles
610 1864 667 1916 ante
678 1869 801 1928 praelium.
811 1863 847 1916 lt'a
858 1869 941 1917 multi.

224 1935 322 1985 ¹saltent
332 1937 391 1985 tunc
402 1937 539 1984 tollendum
548 1934 695 1984 estdubium
705 1937 828 1997 quantum
836 1937 954 1998 possibile
966 1937 1012 1984 est.

231 2007 261 2054 lit
269 2005 299 2054 ut
307 2017 423 2064 gravem,
431 2004 476 2052 sed
485 2005 585 2053 videtur
595 2004 736 2064 immerito,
749 2005 842 2053 babent
850 2007 893 2052 alii
905 2004 1086 2063 necessitatem,
1095 2000 1192 2064 quando
1200 2003 1233 2050 tr-

200 2075 283 2122 metur
291 2074 434 2134 poenitentis
442 2073 590 2138 desperatio,
600 2075 643 2121 aut
651 2075 720 2122 aliud
731 2075 808 2134 ipsius
818 2087 893 2134 grave
904 2075 1080 2122 detrimentum
1091 2073 1231 2133 spirituale,

201 2141 230 2192 nt
238 2144 320 2204 lapsus
330 2153 362 2190 ex
371 2143 594 2204 pusillanimitate·
588 2155 614 2189 m
624 2143 734 2201 graviora
745 2143 853 2201 delicta3
863 2143 904 2190 vel
915 2155 947 2190 ne
965 2142 1089 2202 poenitens
1107 2140 1184 2188 semel
1192 2140 1233 2187 dl·

201 2213 290 2262 missus
299 2225 348 2261 non
358 2213 498 2261 revertatur
509 2207 615 2272 amplids
623 2211 654 2260 ad
665 2213 744 2260 ullum
753 2212 941 2260 confessarium.

217 2275 317 2330 licitis
326 2281 498 2342 notantaliqui
510 2282 611 2330 absolvi
621 2293 691 2341 posse
702 2283 867 2364 poenitentem
878 2283 940 2343 qul,
952 2277 1118 2341 enlrdperitii
1128 2269 1169 2327 vel
1186 2291 1232 2327 ne-

200 2349 317 2410 erigentia
327 2350 494 2410 contessarii,'
488 2363 515 2398 ιιι
525 2350 633 2411 peccatis
643 2352 827 2432 perseveravit,
839 2353 860 2400 si
870 2353 962 2400 monita
971 2351 1076 2399 tidenter
1084 2351 1229 2410 acceptans,

201 2414 348 2480 prudentem
358 2419 549 2466 confessarium'
543 2432 569 2465 ιιι
580 2411 705 2478 posteriue
717 2421 749 2468 sit
763 2413 892 2481 aditurus,
909 2415 991 2468 <lituris
1002 2413 1104 2479 contria,
1113 2431 1164 2466 non
1173 2418 1232 2467 datd

201 2488 364 2549 absolutlone,
375 2488 406 2536 ad
414 2488 558 2548 imperitum
568 2490 595 2536 et
603 2489 688 2536 laxum
698 2491 877 2538 reverteretur.

232 2557 418 2604 Notatuinutile
436 2569 535 2615 gravem
553 2568 601 2604 non
619 2559 767 2606 constituere
785 2559 959 2608 necessitatem
973 2557 1124 2619 preceptum
1142 2569 1233 2604 annuae

201 2625 359 2674 consessionis
369 2627 396 2672 et
406 2623 593 2683 communionis,
605 2626 748 2674 lucrandam
760 2628 955 2686 indulgentiam,
967 2627 1096 2674 infamiam
1106 2626 1146 2673 vel
1160 2638 1232 2672 scan-

201 2695 294 2753 dalum,
306 2695 446 2754 aliosvequi
458 2694 537 2741 solent
547 2694 622 2752 objici
634 2697 786 2755 praetextus3
797 2697 911 2755 quamvis
922 2697 972 2743 sint
982 2691 1045 2754 saepe
1060 2707 1138 2741 causae
1150 2693 1233 2741 eldea·
1247 2739 1254 2748 ,

202 2759 256 2810 ciris
265 2759 344 2811 adbde
354 2763 459 2812 conandi
470 2762 501 2810 ad
509 2776 593 2810 veram
607 2765 781 2812 contritionem
792 2765 914 2812 adducere
922 2767 982 2810 tunc
993 2763 1151 2824 prenitentes.

233 2827 295 2880 Sunt
308 2834 351 2893 qul
363 2834 428 2879 inter
437 2841 522 2879 causas
531 2833 685 2880 accelerandi
701 2833 881 2879 absolutionem
899 2831 1038 2892 presbyteri
1048 2863 1056 2888 ,
1068 2829 1199 2887 collocant,
1209 2829 1232 2876 sl

203 2901 285 2958 pastor
292 2894 335 2958 sit,
344 2902 370 2947 et
380 2899 420 2948 dio
433 2895 494 2948 testo
504 2901 604 2948 missam
619 2913 663 2960 pro
673 2903 763 2960 populo
783 2900 971 2960 pretermittere
981 2899 1087 2959 nequeat
1095 2899 1149 2946 sine
1160 2911 1231 2945 scan-

203 2967 268 3014 dalo.
279 2963 370 3014 Variam
380 2966 468 3016 meriti>
480 2965 563 3018 contris
573 2969 684 3016 sentiunt
691 2969 744 3015 alii.
753 2967 852 3016 lllallevn
863 2981 907 3027 ego
918 2969 999 3014 omnia
1008 2967 1058 3027 pati
1070 2961 1144 3027 quana
1155 2967 1231 3014 talem

204 3035 330 3083 absolvere
340 3031 576 3096 dnbibdispositum.
596 3038 675 3085 ilabet
693 3037 819 3097 medium,
839 3037 1012 3086 contritionem
1027 3033 1119 3098 nempe
1133 3037 1229 3096 periec-

204 3107 264 3163 tam,
274 3115 329 3166 quae
340 3117 396 3152 curn
407 3103 484 3166 gralli
493 3105 519 3154 in
530 3105 608 3167 ipsius
618 3107 738 3167 potestate
750 3107 797 3154 est.

653 3197 771 3214 ψ

237 3270 289 3333 90.
304 3247 442 3316 Omni
415 3250 474 3316 rrtc
489 3245 637 3342 disposito
656 3263 825 3340 etpetcntr
839 3247 1046 3316 etiamsolum
1060 3245 1229 3356 impliciti,

204 3340 330 3410 concedi
344 3343 504 3411 debetsub
518 3369 605 3451 gravi
596 3342 824 3411 absolutionis
842 3342 1045 3424 beneficium,
1067 3341 1127 3409 nisi
1146 3342 1230 3430 justa

203 3437 244 3504 sit
253 3436 427 3506 causaillud
439 3435 615 3523 differendi,
625 3453 660 3506 ut
669 3441 751 3534 saep'e
765 3463 792 3506 s1
782 3437 1010 3532 praevideatur
1017 3437 1156 3531 relapsus
1164 3438 1226 3522 (0

224 3601 271 3666 (0)
280 3605 308 3652 10
315 3617 406 3666 mame
415 3618 488 3656 causa
495 3607 647 3655 rationabilis
657 3606 696 3654 est
703 3605 885 3656 absolutionem
893 3605 1032 3665 differendi,
1039 3602 1136 3664 quando
1147 3615 1180 3651 ex
1189 3604 1227 3652 di-

204 3673 294 3721 latione
305 3675 417 3734 speratur
427 3677 535 3722 notabile
546 3676 647 3735 bonum,
656 3675 730 3736 quale
741 3675 766 3723 el
776 3676 896 3736 quantum
905 3685 954 3720 nou
964 3673 1111 3733 sequeretur
1121 3683 1155 3719 ex
1162 3685 1227 3732 prae

204 3741 427 3792 cociabsolulione.
440 3747 512 3794 bear.

226 3805 410 3862 ltxlstimarunt
430 3812 592 3863 lovanienses
606 3813 682 3861 solam
700 3811 834 3863 utilitatem
847 3807 990 3872 penitentis
1000 3821 1099 3861 causam
1112 3818 1161 3858 non
1172 3823 1227 3860 ossa

203 3875 367 3926 iuincieutem
376 3877 517 3930 dilieronlue
524 3879 693 3938 absolutionis,
703 3879 723 3926 si
731 3877 1006 3940 poenitensinvituesit.
1016 3877 1063 3925 Sed
1071 3875 1159 3926 merito
1168 3891 1229 3926 con-

202 3945 306 3993 trarium
316 3946 428 3994 sentiunt
438 3947 490 4007 alli,
503 3947 585 4007 buno,
604 3948 629 3994 l‘.
640 3948 805 3999 Galrrtem
817 3979 824 4008 ,
837 3945 948 4008 liilluart,
957 3947 1024 4003 ete,
1042 3947 1099 4008 nula
1110 3948 1229 4035 rirredicuo

318 4029 342 4064 ι.
1109 4030 1124 4062 .›
