2990 4672
564 309 865 386 nn'r'rootrrs.
1167 315 1230 390 151
1259 392 1264 400 ,

249 421 320 509 ¹74·
331 407 554 488 voluntariam
563 417 682 488 actuale
692 416 825 488 illudest
835 406 1094 514 quodomnium
1104 421 1235 494 actualis

92 549 98 558 ·
206 513 413 587 advertentia.
650 527 656 534 '
726 549 741 572 κ
1260 539 1268 556 ·

201 653 204 660 1
245 609 412 692 Virtuale,
426 607 523 695 illud,
538 610 623 704 quod
632 610 930 706 primdmactuale,
944 611 979 680 in
992 611 1125 682 decursu
1139 612 1232 684 actio

204 733 281 775 num
293 721 486 800 perseverat.

246 801 433 885 Habituale,
448 802 533 896 quod
550 801 583 868 in
594 803 643 869 sut
655 826 718 868 non
731 801 947 870 retractatione
961 803 1051 895 quasi
1060 803 1231 873 continuat.

245 897 537 991 Interpretativum,
550 897 635 990 quod
647 923 705 964 nec
717 893 777 964 fuit
789 949 797 979 ,
808 921 865 964 nec
880 911 942 980 est,
955 899 1011 967 sed
1021 897 1118 985 foret,
1133 898 1161 969 si
1177 899 1234 968 oh-

205 994 321 1084 jectum
336 993 402 1082 ejus
415 991 566 1058 voluntati
580 1006 821 1085 proponeretur.

246 1087 470 1156 Voluntarium
482 1087 750 1182 interpretativum
762 1111 820 1156 nec
831 1085 873 1159 ad
881 1085 1018 1176 laudem,
1029 1113 1086 1159 nec
1096 1085 1138 1158 ad
1150 1085 1232 1160 vitu·

200 1178 464 1278 'periumsufficit
554 1200 557 1205 ’

244 1277 333 1346 Bene
350 1279 426 1346 vero
450 1293 500 1360 ut,
516 1275 659 1370 qui‘illud
676 1276 845 1370 prudenter
866 1276 1027 1370 praesumit
1050 1277 1090 1346 de
1116 1275 1232 1364 altero,

202 1389 277 1466 agat
303 1373 388 1440 licite
409 1388 630 1465 consequenter
657 1373 698 1440 ad
716 1372 795 1440 hanc
811 1373 1096 1468 praesumptionem,
1115 1374 1232 1457 modd,
1284 1388 1288 1394 '

204 1469 362 1538 ordinarie
385 1469 560 1562 loquendo,
589 1492 682 1535 causa
702 1468 742 1536 sit
768 1493 882 1568 urgens
897 1468 1022 1560 agendi,
1049 1495 1107 1537 nec
1127 1483 1233 1564 pateat

206 1587 349 1632 recursus
363 1559 404 1630 ad
418 1590 487 1632 eum
502 1566 588 1655 eujus
601 1562 742 1632 voluntas
761 1563 973 1674 praesumitur,
1136 1565 1147 1591 ⁹

249 1657 314 1726 Sed
327 1657 355 1726 si
377 1674 486 1751 agatur
500 1659 539 1727 de
553 1656 713 1736 validitate
736 1659 866 1752 ahcujus
881 1661 985 1744 actus,
1010 1657 1231 1744 absolutionis,

206 1779 237 1822 v.
253 1781 285 1846 g.
297 1780 378 1838 ,non
391 1753 505 1824 sufficit
517 1769 705 1851 praesumpta
718 1755 888 1850 superioris
902 1755 1056 1825 voluntas.
1170 1769 1177 1780 '

208 1869 213 1874 '
245 1849 332 1921 Nota
358 1881 366 1918 e
392 1847 551 1942 hdcusque
573 1849 613 1918 de
629 1849 804 1918 voluntario
831 1850 934 1933 dicta,
960 1849 1024 1918 dici
1051 1849 1165 1918 debent
1192 1847 1233 1919 de

205 1971 370 2029 consensu,
385 1945 440 2040 qui
452 1961 497 2014 est
504 1946 672 2039 acceptatio
687 1963 717 2016 ct
731 1945 954 2040 complacentia
966 1946 1133 2015 voluntatis
1147 1946 1181 2012 in
1195 1970 1232 2014 eo

205 2042 291 2134 quod
308 2041 350 2110 ab
364 2039 525 2131 intellectu
546 2041 743 2134 proponitur.
768 2040 861 2108 Alius
880 2040 963 2108 enim
986 2055 1033 2108 est
1047 2040 1156 2134 plenus
1176 2065 1237 2112 seu.

201 2136 380 2231 perfectrus,
399 2134 483 2206 alius
503 2161 567 2204 non
579 2135 708 2230 plenus,
724 2134 805 2202 alius
825 2133 979 2217 directus,
1002 2148 1064 2204 etc·
1087 2219 1089 2223 ι

600 2305 771 2370 SECTIO
792 2309 837 2368 11.

606 2477 644 2525 De
654 2473 830 2528 involuntario.

249 2627 320 2715 175.
337 2622 434 2712 Quor
444 2622 610 2692 voluntarii
620 2675 629 2706 ,
641 2637 688 2690 tot
698 2637 769 2690 sunt
780 2619 963 2691 involrmtaii
976 2620 1106 2714 species.

207 2727 210 2734 ’
247 2718 314 2786 Sed
335 2716 461 2810 insuper
484 2715 724 2786 involuntarium
747 2715 855 2787 dicunt
875 2713 966 2782 aliud
984 2710 1186 2802 simpliciter,
1202 2725 1230 2781 et

206 2811 293 2882 eliud
306 2812 475 2878 secundum
489 2809 576 2901 queit.

202 2953 206 2964 „
247 2902 494 2971 Involuntarium
506 2901 693 2991 simpliciter
703 2915 748 2972 est
761 2901 839 2971 illud
857 2903 941 2996 quod
951 2902 1110 2988 voluntas,
1134 2899 1229 2973 consi

207 2997 323 3072 demtis
345 2997 487 3081 omnibus
502 2997 761 3080 circumstantiis,
785 3023 848 3066 non
861 2999 935 3066 vult.

245 3092 480 3164 Involuntariun
493 3095 568 3163 verb
582 3093 750 3160 secundum
761 3092 838 3186 quid
847 3093 927 3161 illud
939 3108 984 3160 est
997 3093 1081 3186 quod
1091 3091 1232 3162 voluntas

205 3191 374 3262 seeundum
384 3214 417 3256 se
429 3189 657 3258 consideratum
665 3213 728 3255 non
737 3189 814 3269 vult;
828 3189 884 3262 sed
893 3205 999 3256 tamen
1007 3189 1073 3256 vult
1085 3189 1230 3281 vestitum

205 3284 297 3354 certis
322 3284 578 3367 circumstantiis,
600 3283 713 3377 quibus
734 3283 913 3352 absentibus
937 3308 999 3352 non
1012 3283 1119 3351 vellet.
1135 3283 1231 3355 Unde

203 3380 300 3461 idem,
310 3380 366 3447 sed
375 3381 433 3448 sub
449 3381 575 3449 diversd
588 3379 717 3462 ratione,
729 3394 908 3474 potestesse
921 3379 1014 3448 simul
1021 3379 1230 3447 voluntarium

203 3473 400 3559 simpliciter,
416 3489 445 3542 et
458 3473 699 3546 involuntarium
709 3475 879 3544 secundum
895 3475 981 3567 quid.

246 3566 392 3656 Quatuor
405 3587 605 3638 numerantem
621 3595 689 3663 quae
702 3567 1098 3650 involuntariun‘esficiunt,
1112 3591 1167 3636 seu
1178 3591 1228 3633 vo

205 3660 373 3730 tuntariurn
392 3662 463 3755 plus
474 3665 615 3733 minusve
635 3665 809 3758 impediunt
822 3694 829 3730 ι
843 3663 988 3746 Coactio,
1005 3675 1123 3748 metus,
1137 3660 1227 3756 igno.-

207 3755 307 3830 tantia
321 3771 351 3825 et
365 3758 620 3854 concupiscentia.
635 3759 774 3852 Haecque
786 3774 874 3845 sum,
1196 3775 1198 3780 '

227 3912 229 3925 .
248 3849 314 3922 Vel
326 3851 482 3950 perfecta,
498 3850 548 3923 rel
560 3851 755 3952 imperfecta.
