2990 4672
527 301 838 423 ιιιιιιιιιιιιιιιιιι.
1151 353 1197 426 83
1283 331 1285 340 ’

169 450 246 522 dum
258 449 363 544 aliquo
372 448 467 517 modo
477 465 632 544 praeccpto
647 449 863 536 confessionis,
875 451 994 523 veluta
1005 456 1198 528 confessario

169 549 291 633 juvetur
303 570 363 640 pro
378 538 556 638 recipiendi
575 544 792 639 qualicumque
812 561 961 642 ternpore
963 549 1085 636 futuro,
1101 555 1197 670 etiam

170 640 211 710 ab
224 642 288 710 alio
303 641 490 712 conlassario
501 639 708 710 absolutione.

213 736 299 806 Hinc
312 765 326 804 1
330 735 588 804 ⁰sacramcntalis
601 741 738 816 nonest,
751 760 808 804 nec
821 735 952 828 proinde
965 749 1120 810 secretum
1137 743 1197 811 im·

170 849 317 947 portam,
340 829 506 917 confessio
515 829 603 913 ficta,
618 830 660 898 ad
679 789 897 916 irridendum,
915 849 969 904 aut
980 835 1028 922 'ad
1042 837 1198 935 cqnlessa·

170 932 254 1000 rium
273 929 503 1015 seducendum,
517 925 647 1044 ,etiamsi
660 927 839 1022 quaedam'
828 955 862 997 m
876 885 912 1032 eii
930 948 1062 1026 peccata
1085 935 1198 1004 misce·

241 1050 287 1094 ur.

170 1029 360 1192 retlittanicn
375 1116 542 1211 prudentia
554 1115 711 1188 silentium
724 1115 776 1186 hic
784 1117 908 1208 jubemt
921 1107 1091 1194 ordinario.

209 1216 339 1284 Hinc2⁰
348 1229 476 1326 peecata
489 1213 754 1283 sacramentaliter
764 1235 826 1282 non
838 1215 966 1310 deponit
976 1219 1082 1288 dicem
1095 1243 1198 1288 sacer·

170 1312 257 1382 doti.
268 1318 337 1380 Hoc
350 1311 410 1380 tibi
419 1308 491 1378 dico
504 1309 621 1378 stato
616 1309 822 1420 'confitcrcrg
826 1313 903 1393 vel·
915 1317 1120 1396 Subsecrcto
1124 1339 1197 1386 con-

167 1407 333 1495 sessionis,
348 1405 488 1498 quamvis
500 1405 514 1490 (
524 1405 610 1498 quod
623 1431 686 1474 non
695 1407 838 1476 convenit
852 1410 866 1492 )
881 1413 1195 1504 acceptotsacerdos;

169 1504 264 1572 modo
278 1501 387 1571 saltem
399 1499 451 1581 hic
461 1501 606 1570 sacerdos
619 1526 682 1570 non
692 1501 733 1570 sit
746 1501 844 1594 ipsius
859 1505 1085 1590 confessarius,
1098 1507 1198 1594 necin

57 1683 67 1698 .
171 1597 362 1668 confessione
375 1595 441 1664 haec
454 1611 484 1666 et
496 1595 610 1666 similia
620 1597 839 1690 proferantur,
855 1615 909 1680 aut
918 1603 1135 1686 antecedenter
1146 1602 1198 1672 vcl

171 1706 390 1786 consequenter
408 1691 562 1758 inordina
576 1691 617 1758 ad
631 1691 736 1771 illam;
729 1691 903 1780 obligatio
923 1694 1006 1762 enim
1030 1687 1146 1786 sigilli,
1161 1713 1198 1765 ut

128 1789 133 1806 ¹
170 1811 276 1872 sacra,
298 1811 360 1855 nou
383 1789 403 1854 ἐι
424 1783 582 1856 voluntate
601 1787 756 1878 cujusvis,
774 1789 873 1856 seda
897 1789 963 1858 soli
980 1789 1198 1904 sacramentali

169 1882 359 1956 consessione
370 1883 500 1976 pendet
571 1936 572 1940 ,
1207 1885 1208 1888 ’

212 1979 278 2050 Sed
300 1980 347 2048 est
365 1978 418 2044 hic
432 1976 573 2046 naturale
595 1991 748 2046 secretum
759 1979 844 2072 quod
863 1947 1022 2074 simplices
1045 1973 1197 2052 haberent

168 2073 284 2146 forsan
286 2089 322 2141 ut
334 2071 567 2157 sacramentale,
582 2095 618 2140 ac
629 2073 759 2167 proinde
774 2075 1055 2176 scandalizarentur
1068 2083 1131 2143 non
1143 2100 1198 2172 pa-

171 2173 242 2240 rom
255 2195 283 2239 ιι
273 2167 475 2238 ιιοιιιιιιιι

613 2281 615 2286 .
622 2271 739 2288 n

127 2367 129 2374 '
216 2360 287 2424 105.
309 2293 456 2445 Sigillum
479 2353 630 2423 indirecte
642 2353 750 2449 frangi
769 2367 888 2448 potest,
903 2353 1046 2424 faciendo
1063 2381 1176 2452 nempc
1160 2410 1194 2442 ,

169 2451 358 2533 omittendo,
372 2449 502 2518 dicendo
516 2449 567 2520 vel
580 2438 749 2532 reticendo,
766 2465 843 2534 ete,
845 2475 891 2519 ca
902 2477 943 2520 er
956 2447 1069 2544 quibus
1083 2453 1198 2541 conjici

170 2561 273 2642 posset
285 2503 365 2638 quod
381 2543 645 2614 sacramentaliter
665 2545 861 2655 obsignatum
872 2562 932 2628 ost,
948 2547 1071 2615 etiamsi
1084 2549 1196 2618 videns

170 2641 222 2712 vel
229 2641 356 2712 audaeus
370 2667 439 2730 rem
452 2639 546 2716 sciret
556 2639 679 2712 ιιίιιιιιιὸ
688 2695 697 2728 ,
707 2641 782 2736 quia
798 2641 886 2713 daret
873 2641 994 2738 turipsr
983 2641 1071 2774 alia
1084 2643 1197 2738 cogni·

170 2753 216 2807 ιιο
227 2737 278 2808 ιιι
291 2739 468 2828 conlectura
482 2737 545 2823 (a)
731 2750 734 2758 ’

202 2925 240 2991 (ιι)
249 2921 371 2979 indirecte
388 2925 445 2986 ergo
461 2923 585 2976 revelaret
602 2924 726 2974 secretum
736 2924 780 2983 qui
795 2921 908 2972 laudaret
918 2935 997 2971 unum
1007 2921 1037 2972 de
1050 2924 1102 2972 suis
1115 2923 1196 2986 poeut-

169 2997 295 3054 tentum,
303 2993 407 3044 tacendo
414 2995 445 3044 do
453 2995 522 3054 aliis,
531 2995 553 3042 si
561 2995 608 3042 hoc
617 2994 688 3042 tieret
696 3005 753 3041 curn
763 2991 883 3040 relatione
892 2993 924 3040 acl
934 2993 1002 3042 istos.

201 3067 223 3115 Δ
233 3064 328 3114 fortiori
336 3064 380 3124 qui
390 3059 446 3112 ciam
455 3065 564 3124 aliquem
580 3075 629 3112 non
640 3062 797 3121 absolvisset,
807 3061 855 3121 ipsi
871 3057 958 3109 saltem
969 3057 1069 3121 publice
1082 3059 1194 3120 petenti,

170 3137 215 3186 ιιι
231 3145 307 3195 quam
317 3133 373 3180 aliis
391 3133 451 3181 dare
466 3133 543 3193 solet,
558 3132 685 3182 recusaret
697 3131 825 3191 schedam,
843 3131 1049 3180 eucharistiamve
1068 3129 1111 3178 ant
1125 3127 1209 3176 aliud

166 3203 359 3250 sacramentum.
370 3199 454 3262 Sectis,
469 3203 490 3250 si
498 3202 562 3248 nihii
570 3201 724 3261 confiteatur,
735 3201 779 3250 sed
786 3195 866 3248 solirru
876 3201 945 3260 petat
955 3199 1107 3248 schedulam.
1120 3199 1198 3246 Sciro-

168 3272 228 3320 dula
237 3271 429 3330 manegaude,
448 3271 565 3330 inquiunt
577 3271 684 3330 Layman
697 3271 723 3318 ct
739 3270 852 3317 Lacroix.
860 3269 930 3327 Quod
942 3269 1041 3318 videtur
1060 3267 1198 3315 extendeu-

169 3341 229 3390 dum
237 3340 269 3388 ad
277 3352 362 3388 casum
374 3341 457 3402 inquo
466 3337 534 3388 certo
544 3339 650 3388 sciretur
660 3351 777 3387 eumnon
789 3337 915 3398 confiteri,
924 3337 974 3386 nisi
984 3339 1013 3387 ut
1023 3337 1113 3386 habeat
1125 3336 1198 3384 sche-

168 3409 267 3468 dulam,
277 3409 337 3470 quia
346 3410 407 3458 tuuc
418 3409 538 3458 confessio
548 3421 598 3456 non
608 3409 673 3458 esset
682 3407 876 3456 sacramentalis.

198 3476 271 3537 Quod
280 3480 302 3526 si
312 3490 361 3526 non
370 3479 440 3538 petat
449 3472 563 3540 publice,
574 3491 645 3528 casus
655 3479 694 3526 est
704 3478 735 3526 de
748 3489 798 3538 quo
807 3471 882 3524 irriti.

199 3546 278 3596 Nota:
288 3543 350 3606 Ergo
361 3543 519 3596 confessionis
537 3547 661 3596 schedulae
675 3545 762 3595 danda
779 3545 837 3594 sunt
849 3539 971 3592 ordinarie
981 3537 1052 3592 extra
1062 3537 1196 3589 confessio·

168 3616 443 3678 nam,quiasuntquid
453 3621 598 3678 externum,
606 3627 771 3677 necunquam
781 3613 941 3662 absolutionis
954 3611 1016 3660 datae
1026 3609 1068 3658 vel
1076 3606 1197 3658 recusata

123 3722 125 3727 .
170 3680 334 3746 iiarrmrpsrs
341 3685 416 3735 elebat
425 3685 520 3733 mentio
528 3684 663 3744 nequidem
673 3683 803 3733 indirecta
814 3675 956 3728 Generatim
967 3675 1090 3728 schedula
1100 3671 1195 3726 nemim

170 3751 281 3804 mutesco
291 3753 454 3816 domenum,
462 3753 507 3802 uhi
518 3764 603 3804 earum
613 3765 681 3804 usus.
693 3753 778 3816 cottct,
786 3751 813 3802 ιι
825 3744 927 3824 merito.
