2984 4666
236 199 239 205 ι
288 173 297 224 r

293 345 355 446 ²¹4
564 367 617 420 nn
637 365 778 424 raino
800 348 1056 427 ermenero*

657 527 871 577 nantelinus
888 528 926 575 ll.
970 556 973 571 .

633 671 955 744 ltecorreetloneiratemt·
1037 689 1040 694 ’

261 824 265 832 ’
327 816 593 908 alt.Connner10
607 817 744 888 fraterna
754 834 801 887 est
811 833 898 887 actm
906 815 1128 888 misericordiae
1138 816 1306 933 spiritualis

281 916 345 1007 qud
358 913 426 1008 quis
439 929 633 1008 peccatorem
648 915 795 986 reducere
809 930 936 983 conatur
957 914 997 981 ab
1012 939 1117 982 errore
1134 939 1192 982 vrae
1207 941 1282 984 suae.

316 1009 357 1076 Ἀ
372 1007 501 1077 Christo
514 1024 670 1101 praecepta
689 1024 735 1077 est
749 1007 799 1076 his
812 1008 916 1077 verbis
933 1039 942 1076 ι
967 1008 1006 1075 Si
1016 1008 1192 1094 peccaverit
1207 1009 1240 1076 in
1255 1019 1305 1087 tc,

277 1103 381 1192 nidest
395 1119 562 1188 commta,
575 1103 789 1195 siclericus,
815 1118 876 1172 ete.

244 1220 247 1227 ’
323 1197 444 1268 Omnes
458 1200 551 1289 ergo,
570 1195 664 1266 etiam
677 1197 859 1280 inferiores,
885 1197 1008 1291 quando
1022 1212 1150 1292 possunt
1162 1197 1281 1266 utiliter
1295 1252 1306 1280 ‚

281 1317 351 1362 eam
365 1293 422 1362 sub
438 1291 584 1385 gravier
603 1314 718 1382 genere
744 1313 800 1359 suo
817 1315 867 1382 xcn
881 1292 1037 1361 charitate
1051 1293 1117 1378 (o);
1137 1307 1167 1384 et
1191 1317 1229 1372 en
1242 1293 1307 1382 jus-

280 1387 369 1471 urit,
386 1387 660 1480 frequentidsque,
677 1387 731 1481 qui
739 1386 808 1458 aliis
819 1403 972 1482 manunt,
988 1385 1138 1472 adhibete
1148 1402 1304 1460 tenenmr.

287 1551 291 1556 ,
322 1482 391 1552 Ιωὸ
405 1481 440 1549 hi
453 1482 494 1550 de
507 1483 571 1550 vita
584 1481 782 1565 inferiorum,
796 1481 956 1565 indubio,
974 1497 1116 1551 tenentur
1129 1482 1305 1596 impurare,

281 1579 390 1645 diunt
410 1581 517 1648 eontrt
535 1577 569 1646 id
588 1577 754 1671 nequidem
774 1593 901 1674 possunt
918 1577 1074 1666 ordinarie
1097 1582 1171 1670 erga
1193 1603 1307 1674 quem-

283 1671 359 1742 lihet
371 1672 426 1766 qui
439 1672 539 1742 solum
553 1697 591 1741 ex
605 1671 755 1746 charitate
769 1673 926 1769 corripere
939 1688 1081 1742 anatur
1089 1675 1149 1758 (b).
1213 1705 1216 1708 ·

312 1850 348 1914 (a)
360 1851 497 1901 venialiter
504 1849 582 1917 solippr
592 1856 696 1914 peccare
707 1855 796 1914 potest,
807 1853 850 1912 qni
860 1863 945 1916 graves
954 1851 1029 1900 etiam
1039 1851 1124 1915 culpas
1134 1863 1184 1900 non
1195 1857 1305 1916 coercet,

280 1919 505 1971 oxinadvertenlit
522 1918 625 1971 minime
634 1921 721 1982 crant,
742 1935 775 1971 ex
788 1909 951 1980 verecundit,
965 1919 1185 1984 pusillanimitate,
1196 1922 1236 1988 vel
1247 1925 1304 1975 aliis

281 1989 474 2045 circumstantiis
483 1993 613 2052 peccatum
621 1991 799 2040 minuentibus.
814 1991 895 2038 Callet.

287 2060 290 2068 '
309 2050 694 2122 ntqutputantsenutomoo03
715 2057 757 2108 tul
766 2054 854 2121 panim
863 2042 1073 2121 prolutnros,aut
1087 2057 1230 2119 proximum
1249 2059 1306 2122 sino

280 2139 327 2188 ope
338 2127 383 2176 sut
394 2129 584 2177 emendandum.
747 2151 752 2154 ·
855 2131 857 2136 '
1194 2143 1199 2152 ·

280 2203 283 2210 “
309 2198 340 2246 nt
349 2199 485 2258 scrupulosi
496 2194 626 2259 ilortiori,;
647 2197 709 2258 quin
719 2197 834 2246 monendi
846 2197 903 2246 sunt
912 2197 941 2246 ut
964 2199 992 2246 in
1003 2195 1156 2260 correptione
1171 2196 1307 2262 prudentes

279 2266 339 2326 rint,
350 2280 382 2314 ne
392 2268 526 2326 importuni
537 2265 623 2325 valde,
640 2268 699 2313 mali
713 2267 813 2324 majoris
823 2273 896 2314 causa
906 2268 1023 2316 existant.
1039 2265 1120 2319 Titeol.
1134 2265 1193 2328 ilict.
1211 2267 1305 2326 poilly,
1368 2284 1371 2296 ·

279 2337 328 2383 etc.
340 2336 481 2396 Scrupulosi
491 2329 558 2382 eniin
569 2332 633 2394 sapt
656 2335 742 2382 vident
761 2337 919 2384 correctionis
938 2336 1051 2384 iraternae
1071 2332 1245 2395 obligationem
1260 2335 1304 2384 ubi

278 2405 392 2463 nonest,
403 2405 462 2463 quin
473 2403 622 2460 obligatione
633 2401 679 2449 hle
688 2410 758 2448 mens
767 2415 867 2464 eorum,
877 2417 921 2469 seu
931 2401 1015 2466 potiris
1026 2405 1167 2470 imaginatio
1178 2405 1305 2466 perculsa,

278 2475 328 2522 non
337 2471 444 2520 attondit
454 2471 486 2518 ad
496 2484 525 2519 ea
533 2476 587 2530 (μω
596 2471 770 2530 obligationem
777 2471 876 2518 tollunt.
960 2520 964 2531 ,

269 2562 272 2586 ι
303 2540 346 2605 ’(ὺ)
358 2543 384 2591 Si
393 2554 478 2590 casum
489 2541 595 2602 periculi
606 2540 691 2587 mortis
699 2540 825 2598 excipias,
841 2539 971 2588 deficiente
987 2543 1114 2602 superiore
1125 2542 1167 2602 qni
1179 2542 1205 2589 id
1215 2541 1304 2604 inciat3

278 2613 320 2662 vel
329 2613 378 2662 nisi
388 2611 444 2672 quis
451 2610 579 2658 familiaris
590 2609 639 2670 sit,
648 2609 873 2670 etsintprolrabiles
884 2609 1031 2668 conjecturae
1040 2623 1097 2659 cum
1106 2610 1188 2674 aliquit
1202 2610 1308 2666 iniamit

279 2683 420 2740 proximum
428 2676 600 2746 malevivero.
637 2683 644 2700 ‘
707 2689 710 2698 ¹
880 2672 903 2682 ’”
926 2675 936 2690 ”
1012 2677 1014 2680 ’
1260 2675 1263 2680 ’

322 2842 395 2917 245:
413 2838 462 2906 Ut
478 2836 595 2929 obliget
609 2834 779 2920 correctio,
797 2823 964 2931 requiritur

324 2941 355 3006 ιο
379 2934 426 3002 Ut
436 2959 511 3002 vera
524 2935 565 3001 sit
577 2929 712 3027 proximi
730 2933 901 3026 indigentia
919 2931 1106 3029 spiritualis}
1123 2933 1169 3002 ita
1180 2949 1215 3012 ut
1231 2959 1303 3043 prus

280 3030 388 3098 denter
402 3029 555 3120 judicetur
571 3056 642 3097 eum
658 3029 710 3100 vel
723 3030 756 3096 in
769 3032 912 3124 proximo
935 3029 1000 3098 esse
1014 3029 1162 3122 peccandi
1176 3055 1302 3121 perreu-

278 3125 331 3222 lo²
345 3139 398 3192 aut
411 3149 554 3218 peccasse
566 3150 624 3194 nec
638 3125 819 3218 resipuisse,
842 3151 900 3194 nec
914 3125 1006 3198 brai
1015 3128 1122 3216 spontlr
1139 3123 1301 3205 emendan-

279 3205 456 3310 dominelle
469 3221 531 3309 non
544 3219 737 3316 relapsurum
753 3221 816 3304 (a).

213 3321 215 3327 ’
268 3325 271 3337 '
318 3315 402 3386 Hinc
416 3319 488 3384 raro
502 3313 619 3408 obligat
633 3341 691 3408 pro
703 3314 892 3396 venialibus,
907 3312 966 3380 nisi
980 3311 1060 3400 inter
1075 3310 1257 3395 familiares.

319 3407 385 3486 Sed
399 3411 550 3502 obligaret
563 3435 620 3502 per
631 3409 795 3490 accidens,
812 3408 839 3476 si
855 3434 892 3476 ex
904 3422 1032 3504 peccato
1046 3406 1160 3476 veniali
1175 3433 1302 3500 exurge.

278 3525 325 3578 ret
338 3506 514 3602 proximum
534 3503 675 3572 mortalis
692 3501 887 3598 piaculum,
907 3527 1001 3596 grave
1021 3503 1221 3590 scandalum,
1241 3504 1300 3574 dis·

212 3647 215 3656 =
277 3603 398 3698 ciplinae
413 3601 642 3672 detrimentum.
924 3595 926 3600 ’
1031 3647 1036 3660 .

240 3693 243 3703 ’
321 3703 354 3762 2⁰
370 3695 417 3765 Ut
433 3697 474 3766 sit
490 3693 662 3792 probabilis
681 3709 735 3762 aut
751 3693 863 3762 saltem
877 3692 972 3776 dubia
991 3717 1060 3788 spes
1080 3690 1299 3770 correctionem

301 3790 487 3874 rofuturanr,
505 3791 604 3861 sinon
618 3793 740 3872 statim,
759 3789 1005 3883 saltenrposte'a‚¹
1025 3814 1081 3855 nec
1093 3789 1178 3876 aequle
1189 3782 1297 3875 proba·

276 3816 339 3954 iile
353 3877 623 3967 e'am'noc'nuram,
642 3901 695 3954 aut
705 3886 744 3954 de
755 3883 814 3953 hoc
827 3885 995 3954 dubitetur.
1015 3882 1106 3949 Tune
1117 3877 1197 3945 enim
1211 3876 1297 3946 omit·
