2984 4666
268 273 340 358 eoo
545 294 601 345 nn
623 293 758 345 enrno
780 289 1017 348 ermenero

296 373 445 444 ,Haeresis
459 376 617 470 partialis,
644 378 838 471 scu'proprid
853 376 955 460 dicta,
979 389 1045 459 est,
1077 455 1079 458 .

305 469 382 538 Alia
395 468 515 542 iuterna
528 477 648 539 tantiam
662 496 732 565 quae
752 487 854 541 mente
868 472 969 540 solium
983 503 991 551 ;
1074 479 1081 488 ‘

306 565 383 632 Alia
396 581 523 634 externa
535 571 657 636 tantdm
670 593 739 659 quae
752 593 815 634 non
828 567 861 633 in
873 581 997 644 mente3

256 657 267 695 “’
305 656 353 726 'Et
366 658 427 726 alia
439 659 560 729 interna
580 661 674 729 simul
689 677 719 730 et
733 677 873 743 externa,
892 685 961 753 quae
976 658 1052 726 etin
1065 658 1168 728 mente
1183 666 1243 742 est,
1261 657 1298 728 et

266 751 401 824 exterius
414 753 459 821 ita
472 770 602 848 apparet
614 755 719 848 aliquo
733 755 841 846 signo,
861 770 895 822 ut
909 754 936 823 si
950 753 1021 847 quis
1035 754 1173 836 adesset,
1188 758 1307 822 statim.

181 925 182 932 ἵ
265 844 451 939 intelligeret
464 841 572 941 negari
585 843 752 938 articulum
760 851 858 920 iidei'.

304 940 444 1012 Haeresis
460 959 584 1012 externa
598 944 748 1013 dividitur
760 942 970 1028 inoccultarn,
981 967 1050 1038 quae
1064 943 1141 1013 nulii
1155 943 1205 1013 vel
1218 967 1293 1036 pau·

267 1035 331 1118 cis,
347 1053 377 1106 et
390 1039 586 1107 manifestam
601 1064 669 1134 quae
684 1039 789 1108 multis
802 1055 875 1108 nota
888 1054 946 1108 est.
1184 1047 1189 1054 ’

733 1153 848 1165 u—-

259 1203 262 1244 ·’
295 1201 381 1282 “225⁴
394 1203 579 1298 'Disputatio
593 1229 664 1272 cum
677 1203 831 1276 haereticis
847 1205 944 1274 vetita
956 1193 1004 1274 ¹est
1018 1204 1158 1278 omnibus
1171 1203 1198 1272 si
1210 1227 1292 1298 pru·

248 1297 376 1370 denter
396 1325 459 1368 non
471 1299 624 1388 judicetur
644 1299 822 1392 profutura,
849 1299 962 1369 saltem
980 1299 1193 1380 audientibu;
1217 1299 1291 1392 quia

266 1393 383 1494 praebet
396 1391 549 1461 haereticis
563 1393 758 1470 occasionem
772 1394 905 1488 peccati.

309 1485 474 1568 Sediaicis
490 1487 581 1558 etiam
595 1489 776 1582 capacibus,
796 1490 855 1578 sub
868 1491 962 1582 poena
972 1488 1292 1561 excommunicationis

261 1581 405 1660 ,ierandae
418 1583 573 1652 sententiae
587 1581 744 1676 prohibita
756 1597 819 1665 est,
848 1583 929 1680 Gap.
948 1613 978 1652 2.
995 1585 1035 1652 de
1048 1584 1200 1653 hereticis
1214 1584 1247 1650 iu
1258 1587 1290 1650 6.

268 1675 364 1765 Quod
378 1677 672 1767 tamentlocumnon
686 1675 781 1744 hahet
794 1677 830 1744 in
841 1703 914 1748 casu
927 1679 1132 1762 necessitatis,
1150 1695 1180 1747 ct
1194 1679 1227 1746 in
1240 1678 1292 1746 lo-

260 1770 312 1858 cis
325 1769 379 1838 uhi
392 1771 516 1864 imponi:
530 1786 709 1862 grassantur
724 1771 878 1856 hareses,
892 1773 926 1840 in
940 1773 1129 1854 Germania,
1150 1789 1207 1842 etc.

310 1863 442 1948 Clericis
456 1870 530 1934 vero
545 1865 646 1948 licita,
667 1867 762 1934 modo
777 1891 904 1961 capaces
918 1867 994 1950 sint,
1020 1867 1048 1935 si
1068 1866 1220 1934 haereticis
1235 1888 1292 1932 ca-

201 2020 204 2024 ,
265 1956 449 2043 tholicisve,
460 1976 518 2029 etc.
535 1959 677 2029 saiutaris
690 1962 916 2056 praevideatur,
931 1963 1024 2031 modo
1034 1988 1095 2029 non
1107 1963 1159 2029 fiat
1173 1987 1210 2046 cn
1223 1985 1293 2028 con-

268 2055 362 2125 dicto.
398 2055 473 2126 Sine
487 2056 569 2124 sedis
584 2056 666 2128 enirn
680 2057 856 2152 apostolicae
876 2058 1000 2127 licentia
1013 2057 1138 2152 speciali
1152 2056 1212 2144 hoc
1226 2055 1293 2122 illi·
1330 2129 1332 2135 ,

268 2150 383 2234 eitum,
398 2167 432 2218 ut
444 2151 610 2220 declaravit
624 2177 712 2220 sacra
726 2154 924 2245 congregatio
945 2155 984 2222 de
999 2154 1199 2247 propaganda
1211 2153 1290 2228 fide,

268 2269 349 2318 anno
369 2250 470 2338 1614,
491 2245 553 2315 nisi
575 2247 649 2320 fidei
662 2262 759 2316 status
773 2247 833 2320 hoc
848 2248 950 2340 exigat
971 2263 1001 2318 ct
1013 2249 1053 2318 sit
1066 2247 1239 2342 pericuum
1254 2245 1293 2338 7ἰιι

268 2342 360 2410 mord
1130 2339 1139 2390 '3

607 2632 610 2650 ¹
663 2635 896 2700 carnali.

726 2779 830 2850 mm
885 2869 892 2878 ι

258 2939 262 3022 i
313 2941 385 3037 ²²7·
402 2944 478 3014 sons
490 2959 536 3014 est
548 2945 646 3012 virtus
659 2937 836 3038 theologica
849 2947 911 3038 qud
924 2944 957 3013 in
970 2945 1094 3027 Deum,
1107 2957 1141 3012 ut
1152 2943 1293 3013 beatitu-

258 3033 375 3110 dinem
391 3055 529 3109 nostram
542 3040 701 3109 tendentes
715 3041 869 3110 desiderio
884 3040 1016 3122 efficaci,
1032 3039 1111 3106 hanc
1124 3037 1295 3104 heatitudi-
1332 3117 1336 3124 Α

267 3160 342 3205 nem
353 3132 518 3226 mediaque
540 3133 642 3228 ipsam
660 3137 841 3228 assequendi
855 3135 985 3202 firmiter
1003 3135 1052 3216 (a)
1076 3131 1291 3223 expectamus,

269 3244 396 3327 propter
408 3229 578 3300 honitatem
590 3229 653 3300 Dei
667 3235 742 3323 erga
753 3257 827 3318 nos,
854 3227 1106 3324 omnipotentiam
1121 3242 1151 3295 et
1164 3225 1293 3294 fideliter

269 3323 382 3395 tamin
394 3324 568 3420 promissis.
671 3365 674 3370 ·
961 3375 965 3379 -

311 3420 510 3514 Praeceptum
523 3420 608 3489 actds
622 3419 688 3513 spei
703 3419 820 3514 obligat
834 3420 911 3490 sicut
924 3433 954 3487 et
968 3417 1091 3516 quando
1105 3429 1294 3514 praeceptum

271 3517 356 3586 aetds
370 3516 455 3584 fidei.

299 3682 339 3749 (a)
349 3687 430 3738 Firma
440 3688 532 3746 dicitur
541 3702 611 3752 spes,
622 3689 648 3738 et
662 3687 730 3738 certa
740 3685 778 3736 est
795 3698 828 3734 ex
839 3685 908 3748 parto
919 3685 980 3746 Dei,
991 3697 1019 3736 ae
1039 3680 1140 3746 proinde
1151 3649 1290 3740 simplicite.

271 3751 341 3802 firma
351 3767 406 3804 essa
415 3753 496 3807 dehet.
506 3760 566 3806 Nam
576 3771 615 3806 res
626 3771 658 3806 ex
668 3759 699 3804 iis
707 3753 761 3817 quae
770 3755 830 3816 ipsis
841 3755 898 3803 sunt
916 3755 1013 3816 propria
1030 3749 1231 3806 denominantur,
1243 3759 1293 3794 non

273 3833 305 3874 ex
314 3823 345 3872 its
353 3825 475 3888 quaeipsis
484 3827 618 3879 adveniunt
623 3839 667 3894 per
675 3825 798 3876 accidens.
803 3823 876 3874 Porro
885 3823 1028 3886 quonaone
1036 3835 1085 3872 nou
1092 3817 1194 3870 firmiter
1203 3821 1292 3879 speret,
