2932 4658
270 299 343 377 306
434 273 438 282 ¹
527 287 1040 376 nn=ousnr0rnancarr0

269 403 413 462 notabiliter
419 399 557 463 negligunt,
566 396 654 448 sutem
660 393 721 446 tuac
729 402 774 454 per
779 387 879 438 modum
889 379 1049 435 correctionis
1057 376 1110 428 sire
1120 373 1237 440 publice,
1246 367 1300 426 riri

269 479 346 530 etiam
355 469 567 536 snpidspriratae.
682 510 683 518 ,

300 546 334 611 (c)
345 536 451 593 llarirni
463 539 562 588 missam
570 547 614 597 pro
625 533 674 593 ils,
684 529 772 580 diebrn
781 523 911 576 dominicis
921 521 948 571 et
960 517 990 568 de
998 515 1122 580 praecepto
1138 513 1234 564 festivis
1243 547 1252 576 ,
1261 507 1302 564 of·

194 603 197 615 ’
270 616 384 668 ferendo:
403 607 479 661 ethic
496 603 631 667 notaqudd
649 614 716 650 sacra
731 596 884 658 urrunnu
905 589 1038 642 sanciverit
1058 587 1090 636 ad
1110 588 1200 647 rapam
1214 599 1302 635 recur-

270 685 375 736 rendum
391 693 435 742 pro
455 679 584 726 misarum
602 671 759 721 fundatarum
777 664 919 715 reductione
944 661 971 708 ia
993 670 1051 706 casn
1072 653 1189 715 stipendii
1209 655 1302 702 insuffi-

271 753 375 810 cientis,
385 750 435 798 nisi
453 749 537 795 tamen
556 755 589 792 en
604 741 682 802 ipsius
696 735 847 786 fundationis
863 733 948 780 tenere
963 727 1007 776 ant
1027 735 1118 774 exnsu
1130 735 1172 772 eas
1182 723 1301 772 reducere

271 821 348 885 possit
358 819 501 879 Episcopus.

303 887 391 935 liudem
398 879 552 942 congregatio
558 875 650 926 decidit
660 872 794 934 parocbum
802 869 894 930 pingue
905 863 1039 914 habentem
1049 859 1209 919 beneficium,
1219 858 1302 908 teneri

270 955 327 1016 iure
338 955 422 1002 divino
433 939 507 1012 gratis
518 948 642 996 celebrare
652 956 695 1003 pro
706 935 974 1002 parochianissinrnlis
982 933 1079 989 diebus,
1091 931 1196 989 excepte
1205 927 1303 988 quando

272 1025 382 1074 celebrat
398 1035 441 1082 pro
462 1017 620 1071 fundatione,
640 1009 806 1058 anniversario
817 1007 859 1053 vel
875 1001 994 1051 beneficio
1005 999 1127 1060 parochiae
1138 996 1302 1056 incorporato.

272 1093 345 1142 Getici
358 1091 400 1151 qni
411 1091 445 1137 sic
456 1089 545 1135 docere
556 1081 617 1130 dicit
626 1080 733 1127 saniores
742 1075 879 1123 canonistas
889 1086 896 1118 r
908 1071 933 1118 id
942 1069 1071 1126 convenit,
1083 1067 1153 1114 aiunt
1169 1065 1227 1124 alii,
1239 1060 1303 1112 force

272 1154 442 1209 verisimilius.
449 1153 518 1203 certb
529 1153 616 1198 saltem
624 1159 673 1196 non
680 1145 736 1194 suat
745 1141 898 1203 inquietandi
908 1140 934 1186 hi
943 1135 1094 1186 beneficiarii
1106 1131 1162 1184 crim
1170 1147 1214 1196 pro
1223 1147 1249 1183 se
1258 1133 1303 1183 aut

272 1241 317 1290 pro
326 1227 470 1288 parentibus
479 1219 615 1270 identidem
626 1214 760 1272 celebrant,
768 1223 814 1260 nec
823 1205 880 1258 crim
889 1205 999 1275 legitimi
1013 1205 1045 1254 de
1053 1203 1126 1254 causi
1131 1199 1148 1264 iv
1156 1202 1303 1252 celebrando

272 1295 406 1343 abstinent.

306 1336 1301 1422 (d)llicdelinqnuntprsecipueqnisnbditornmsaluiinoninrlgilaatperpetub,

273 1429 326 1478 sire
336 1430 365 1477 nt
375 1429 479 1486 abusus,
491 1423 692 1486 superstitiones,
701 1419 761 1478 etc,
771 1415 858 1465 tollunt
869 1414 1031 1472 scandalaqus
1042 1410 1171 1470 deterant,
1186 1411 1212 1457 et
1222 1421 1267 1470 per
1274 1403 1302 1456 se

272 1498 315 1547 rel
325 1510 371 1559 per
382 1497 528 1558 Episcopum
539 1489 680 1547 coerceant,
692 1489 745 1536 sire
756 1487 785 1534 ut
793 1485 933 1546 peccatores
945 1495 1001 1530 cum
1011 1477 1143 1541 prudentii
1154 1478 1301 1540 corripiant3

273 1567 327 1616 sire
340 1566 370 1614 ut
381 1577 467 1614 onrrres
482 1561 667 1617 communibus,
682 1557 711 1606 nt
727 1555 852 1616 paschali,
871 1550 1112 1614 particularibusque
1129 1547 1256 1609 religionis
1276 1547 1303 1595 et

273 1633 351 1684 satos
361 1633 456 1695 proprii
466 1631 554 1680 officiis
565 1627 706 1686 fungantur.

304 1705 353 1753 Sed
361 1704 436 1764 etqui
445 1699 554 1749 infirmos
563 1709 612 1744 non
620 1693 723 1742 visitant
732 1687 814 1752 sapi,
826 1691 916 1739 scholis
930 1700 980 1736 non
991 1685 1134 1747 invigilant,
1145 1686 1188 1734 aut
1197 1685 1303 1744 iuvenes

274 1771 450 1820 sexnsdirerst
461 1767 563 1816 insimul
573 1767 600 1813 in
611 1765 643 1812 iis
653 1761 750 1811 admitti
758 1761 903 1822 patiuntur,
913 1753 1103 1820 quodexpressi
1114 1754 1303 1806 retantststuta

273 1841 412 1888 bisuntina.

305 1909 422 1958 Sitamen
433 1897 565 1954 adsitrera
580 1899 727 1958 necessitas,
749 1896 837 1944 saltem
849 1895 924 1944 unius
937 1906 1012 1943 sexus
1032 1892 1103 1954 pueri
1124 1885 1233 1939 nonddm
1253 1889 1305 1938 sint

274 1975 452 2027 adolescentuli
462 1969 716 2027 autadoleseentulss,
730 1966 774 2015 sed
783 1965 897 2026 puerine
907 1964 1030 2025 proximi,
1042 1973 1133 2010 annum
1142 1973 1236 2008 nonum
1252 1971 1304 2024 non

275 2046 435 2096 excedentes.

304 2111 388 2175 Queid
398 2125 482 2162 curam
492 2108 715 2170 temporalemque
723 2105 751 2153 ln
762 2116 851 2165 genere
863 2103 893 2152 ad
904 2105 1085 2163 eleemesynam
1092 2098 1203 2150 revocari
1213 2095 1305 2160 potest,

274 2181 317 2234 llo
328 2197 407 2232 sermo
418 2183 450 2230 sit
461 2181 492 2228 de
502 2192 549 2226 usu
564 2179 683 2224 bonorum
693 2175 926 2222 ecclesiasticorum.

304 2253 349 2299 llla
358 2251 441 2298 autern
451 2249 516 2294 bona
525 2248 591 2302 sunt,
603 2245 651 2291 alin
662 2244 713 2290 Deo
725 2243 814 2301 dicata,
826 2242 855 2289 nt
864 2237 999 2301 proventus
1009 2237 1194 2295 beneficiorum,
1202 2235 1233 2284 ad
1243 2245 1305 2296 qnos

274 2321 319 2368 alii
336 2319 420 2367 contra
441 2316 508 2362 alios·
520 2313 637 2360 revocant
658 2311 753 2358 fructus
772 2311 839 2358 stole
859 2321 892 2356 ex
906 2306 1077 2365 matrimonio,
1094 2305 1304 2368 sepultura,etc.,

274 2386 448 2449 provenientes
458 2415 466 2441 ,
477 2382 503 2429 et
514 2380 701 2428 distributiones
710 2377 866 2438 quotidianas
876 2376 1059 2440 canonicorum,

305 2456 373 2515 Alia,
383 2465 438 2514 quse
449 2463 498 2498 non
509 2461 541 2497 cx
550 2447 693 2504 beneflciis,
704 2445 839 2506 nequidem
851 2447 879 2494 ut
889 2444 1024 2494 receneris
1038 2442 1201 2504 proveniunt,
1215 2437 1304 2490 sodex

275 2526 363 2584 cantu,
373 2522 507 2578 concione,
518 2518 599 2565 missae
617 2515 796 2573 celebratione,
809 2516 858 2562 stc.

306 2593 359 2641 ilia
369 2584 452 2640 minuis
471 2581 551 2635 adbric
571 2583 752 2644 ecclesiastica,
764 2577 917 2630 licitirirls
931 2581 1107 2630 ecclesiast-icis
1122 2574 1245 2630 ordinarie
1261 2589 1303 2627 no·

273 2663 414 2726 unirentur,
423 2660 514 2719 atqua
524 2655 629 2706 reninnt
640 2666 673 2702 ex
682 2663 785 2700 manere
799 2649 902 2699 docendi
917 2650 1074 2709 theologiam.

200 2741 205 2766 ¹
306 2731 515 2779 Fateaturomnes
523 2723 647 2785 superflua
658 2723 777 2770 bonorum
789 2719 861 2780 primi
872 2719 970 2779 generis
980 2731 1033 2768 esse
1043 2718 1200 2779 pauperibus
1210 2715 1302 2776 danda,

274 2802 317 2850 rel
327 2801 354 2848 in
367 2800 427 2847 alias
446 2808 531 2845 causas
544 2795 599 2855 pias
615 2791 787 2852 impendenda.
798 2790 839 2838 Ast
853 2785 914 2838 niam
928 2802 960 2838 ex
969 2787 1065 2847 institit
1081 2786 1180 2848 stricti,
1190 2781 1224 2835 ni
1234 2785 1304 2834 uter

274 2867 489 2929 patrimonialibus
498 2863 531 2912 sit
541 2861 734 2918 restituendum,
743 2861 763 2908 si
773 2855 836 2908 rani
847 2859 969 2919 insumpta
976 2857 1039 2906 sinti
1048 2858 1175 2906 Sententia
1182 2855 1305 2903 affirmans

275 2936 494 2991 communiorem,
506 2927 565 2990 imi,
576 2930 647 2977 aiunt
661 2929 777 2989 quidum,
789 2928 855 2976 inter
868 2927 1006 2976 canonistas
1020 2925 1232 2983 communissima,
1243 2924 1268 2971 st
1278 2921 1306 2972 in

276 3003 323 3049 hoc
337 3000 454 3047 fundatur
463 2998 529 3058 quod
547 3009 652 3046 canones
666 2997 692 3044 et
704 2997 788 3044 Patres
798 2995 883 3043 dicant
893 2996 1012 3050 bonorum
1023 2993 1244 3042 ecclesiasticorum
1253 3003 1306 3039 non

276 3067 402 3126 dominos,
413 3065 457 3114 sed
473 3060 551 3112 soliar
563 3064 742 3123 dispensatores
753 3075 807 3112 esse
818 3063 935 3122 clericos,
953 3063 1042 3122 iusque
1053 3059 1231 3118 consequenter
1238 3057 1305 3115 quod

276 3135 370 3184 babent
380 3135 449 3183 adea
466 3143 516 3180 non
535 3131 636 3179 extendi
649 3131 680 3178 ad
698 3131 836 3191 superflua,
852 3133 895 3179 rat
914 3130 1068 3180 vinculatum
1086 3138 1139 3174 esse
1150 3133 1224 3170 onere
1236 3133 1265 3167 ea
1275 3123 1303 3170 ln

277 3217 362 3254 causas
371 3205 424 3264 pias
434 3200 562 3262 erogandi,
574 3194 659 3260 utpote
667 3199 714 3246 sub
724 3197 771 3246 bic
790 3198 930 3246 conditione
951 3193 1090 3245 indolibus
1103 3191 1160 3238 data
1177 3188 1303 3238 Ecclesia.

307 3272 434 3320 Sententia
445 3269 564 3318 contraria
575 3279 649 3329 qnam
660 3267 711 3316 snis
720 3267 873 3328 temporibus
889 3263 1079 3315 communiorem
1093 3257 1180 3306 dicant
1198 3257 1305 3309 lilllnart

277 3341 377 3390 etDens
388 3341 415 3388 et
429 3338 619 3399 probabiliorem
634 3338 760 3386 existimat
778 3335 896 3391 liillnart,
912 3340 1033 3392 quamque
1044 3328 1141 3376 secutos
1152 3326 1303 3388 aitmultos,

198 3429 202 3436 ·
277 3411 343 3460 inter
353 3409 414 3457 alios
425 3408 494 3465 Soio,
505 3406 631 3463 valentia,
642 3405 832 3460 bellarminum,
841 3400 967 3461 sylvium,
978 3397 1104 3455 baselum,
1117 3395 1303 3457 abeuntium,

277 3478 437 3540 sequentibus
457 3473 571 3523 innititur
586 3472 725 3520 rationibus
736 3484 743 3517 c
753 3472 777 3518 l⁰
788 3467 853 3529 qued
870 3477 974 3516 canones
982 3465 1066 3514 dicant
1080 3465 1249 3514 beneficiarios
1259 3465 1303 3525 qul

276 3559 327 3595 neu
334 3545 451 3605 resident,
463 3545 521 3602 erc,
529 3553 578 3589 non
587 3539 667 3588 facere
678 3539 772 3587 fructus
782 3549 847 3585 sues.
855 3529 923 3584 unde
934 3535 1083 3584 concludant
1092 3547 1133 3584 eos
1143 3536 1186 3596 qni
1194 3533 1303 3582 resident

278 3617 411 3677 muriaque
422 3615 471 3663 alia
480 3609 623 3672 adimplent,
635 3608 730 3656 fructus
739 3618 795 3655 snos
805 3605 896 3654 facere.
906 3605 932 3652 2⁰
938 3601 1008 3664 Quod
1017 3605 1106 3656 nullibi
1111 3605 1138 3652 in
1147 3604 1202 3662 lure
1212 3613 1257 3650 nec
1263 3613 1304 3648 ca·

277 3683 366 3732 cronico
376 3695 422 3732 nec
431 3682 503 3738 cirili
512 3685 522 3742 3
531 3681 583 3732 lrsec
591 3679 702 3740 quamvis
712 3671 771 3725 adet
777 3674 857 3736 araris
867 3673 951 3722 ettam
961 3675 1051 3722 multos
1061 3674 1172 3734 spectans
1177 3669 1301 3730 obligatio,

276 3745 347 3804 claris,
353 3752 450 3800 clericis
456 3750 603 3811 imponatur3
613 3747 745 3806 leuesque
754 3745 780 3793 et
790 3755 895 3792 maenas
904 3743 948 3804 qui
956 3742 1080 3804 snperllua
1089 3740 1301 3791 beneficiariorum

274 3829 470 3882 paupernmesse
478 3817 579 3880 dicunt,
588 3825 658 3878 posse
668 3811 856 3875 facilitatelliri
868 3811 963 3862 insutos
977 3811 1054 3862 fnisse
1064 3806 1120 3864 antb
1130 3811 1248 3858 bonorum
1257 3817 1301 3854 ec-
