2990 4672
264 331 336 422 184
626 324 932 422 urannccarral¹
1213 408 1218 414 ,

303 427 560 530 Fallacia;'“quae¹
580 450 682 530 potest
707 459 773 508 esse
786 432 943 523 mortalis,
968 428 1165 501 rationefinis
1181 441 1284 520 etms

262 532 401 603 diorum.
1135 550 1138 556 ·

303 624 486 717 Pcrjurium
503 617 519 692 :s
634 690 638 698 ,
891 673 892 682 ,
1190 704 1193 710 .

300 717 503 814 inquietudo,
519 744 574 789 seu
590 717 755 790 vehemens
770 730 803 787 et
815 715 990 786 inordinata
996 709 1169 808 'applicatio
1179 708 1293 806 'adae--

205 851 215 863 „
260 815 428 912 quirendas
443 833 472 886 et
481 815 656 888 retinendas
670 814 807 909 divitias.
839 813 938 885 Exse
949 810 1078 884 venialis
1092 827 1150 882 est.
1230 847 1233 855 ·

226 909 257 934 ”
305 911 483 989 Violentia;

301 1007 421 1076 Contra
433 1003 684 1074 misericordiam
698 1001 878 1082 obdurati03

303 1101 457 1184 Furtum,
468 1097 692 1180 homicidium,
710 1096 987 1182 simonia,us1na;

293 1191 675 1282 '‘Neglectusdivinorum.

304 1289 462 1360 Remedia
482 1287 620 1358 avaritiae
637 1301 708 1355 sunt
721 1283 927 1354 consideratio
950 1281 1092 1354 vanitatis
1107 1279 1285 1353 divitiatum

267 1399 418 1456 eteorum
431 1382 579 1478 periculi,
598 1380 737 1473 erogatio
756 1379 955 1473 eleemosynae
970 1395 1000 1449 et
1016 1377 1195 1448 liberalitas·
1270 1391 1272 1395 ’
1350 1376 1353 1381 ’

305 1478 393 1551 Nota
409 1508 417 1546 z
434 1477 665 1568 Prodigalitas,
687 1499 756 1570 quae
769 1476 902 1546 alterum
917 1491 962 1547 est
973 1473 1169 1546 liberalitatis
1182 1485 1286 1546 enre-

267 1597 374 1654 mum,
390 1588 532 1644 exsecat
546 1571 687 1640 venialis.
1274 1615 1277 1620 s

308 1667 374 1737 Sed
387 1667 527 1736 mortalis
545 1669 627 1760 saepis
654 1666 773 1735 ratione
790 1665 875 1750 linis,
895 1663 946 1734 vel
959 1664 1066 1732 damni
1083 1661 1288 1734 creditoribus

266 1777 320 1832 aut
331 1762 457 1832 lamiliae
469 1759 671 1852 emergentis,
693 1761 743 1828 vel
757 1759 876 1836 ratione
887 1757 1080 1852 obligationis
1100 1757 1288 1851 specialisin

266 1880 374 1926 causas
386 1857 454 1952 pias
469 1855 616 1948 erogandi
629 1855 712 1949 quod
722 1853 924 1948 prodigaliter
934 1853 1011 1921 vane
1024 1850 1223 1944 impenditur.
1331 1895 1334 1902 ·

207 1983 208 1990 ¹
307 1949 346 2020 In
380 1951 598 2047 prodigalitate
631 1967 735 2020 tamen
757 1949 848 2042 longe
860 1946 950 2018 aliter
974 1945 1218 2018 ratiocinandum
1228 1971 1288 2044 pro

267 2047 437 2142 quantitate
456 2048 497 2116 ad
510 2045 641 2118 mortale
651 2043 824 2116 sufficiente
840 2045 934 2139 pram
946 2042 981 2111 in
992 2041 1159 2133 injustitia,
1174 2043 1291 2138 quiain

266 2141 485 2238 prodigalitate
498 2167 563 2210 non
573 2141 741 2212 attenditur
757 2141 910 2238 quantitas
924 2136 1124 2242 dati„scdjn
1139 2141 1291 2235 pianum

268 2239 397 2312 excedat
409 2239 494 2333 quod
506 2237 576 2309 ficri
588 2251 723 2333 oportet.
931 2237 943 2244 ”
973 2233 992 2246 ““
1197 2231 1200 2236 ’

523 2473 524 2476 ¹
643 2402 915 2456 aarrcuausrrt.

699 2554 737 2603 Dc
747 2551 866 2604 Lmnria.

204 2688 207 2700 ,
280 2706 284 2710 ’
312 2723 384 2766 aro.
408 2696 576 2778 Luxuria,
591 2694 642 2764 vel
664 2691 770 2776 luxus,
786 2695 927 2786 designat
939 2695 973 2763 in
986 2719 1098 2788 genere
1111 2717 1290 2769 omncmsu·

268 2791 475 2888 perlluitatem
487 2803 707 2873 venereortam,
723 2789 803 2871 cibi,
819 2790 926 2883 potrls,
950 2791 1216 2878 vestimentorum,
1229 2807 1287 2864 etc.

311 2887 377 2958 sed
389 2901 480 2980 prout
493 2884 546 2952 hie
556 2883 702 2970 sumitur,
717 2897 764 2954 ast
782 2885 936 2980 appetitus
949 2885 999 2956 vel
1019 2911 1090 2958 usus
1100 2887 1293 2982 inordinatus

271 2991 439 3084 voluptatis
454 3016 604 3060 venereae.

312 3085 413 3176 Ipsius
431 3083 503 3154 filiae
539 3099 611 3154 sunt
627 3104 667 3152 ex
687 3097 777 3178 parte
798 3084 993 3166 irtellectrls3
1011 3085 1123 3158 mentis
1151 3085 1292 3171 caecitas,

273 3179 495 3276 praecipitatio,
510 3178 749 3250 inconsideratio
762 3194 792 3249 et
804 3180 1022 3249 inconstantia„
1227 3263 1233 3271 Δ

312 3275 357 3344 Et
368 3302 405 3344 ex
417 3291 508 3370 parte
520 3275 702 3357 voluntatis3
719 3299 806 3344 amor
817 3277 865 3344 sul
877 3271 1066 3342 inordinatus
1077 3287 1109 3342 et
1120 3271 1194 3345 vitae
1205 3273 1294 3372 {ptae-

273 3369 369 3442 sentis
383 3422 391 3454 ,
411 3370 517 3438 odium
526 3369 590 3438 Dei
604 3384 635 3438 et
645 3368 758 3440 horror
771 3369 884 3438 nimius
893 3365 990 3436 futuri
1000 3365 1117 3436 sacculi.

313 3465 470 3536 Remedia
491 3465 591 3534 carnis
609 3495 616 3533 ε
633 3465 842 3548 mortificatio,
865 3461 1004 3532 custodia
1030 3486 1194 3550 sensuum,
1220 3466 1295 3559 loga

274 3560 347 3646 otii,
373 3577 405 3632 et
430 3559 624 3630 occasionum
658 3559 807 3642 luxuriae,
839 3557 999 3628 meditatio
1033 3558 1132 3629 futuri
1164 3562 1292 3644 saeculi,

273 3673 418 3749 prompta
426 3656 627 3739 tentationum
639 3655 780 3750 reprdsa,
791 3652 957 3748 voluptatis
971 3656 1077 3725 sensdt
1092 3671 1181 3726 acuto
1190 3655 1294 3749 aliquo

277 3751 384 3820 dolore
398 3751 544 3822 extinctio
553 3749 741 3838 ,humilitas,
758 3765 788 3824 et
798 3749 968 3847 saepitsimlt
983 3751 1213 3842 matrimonium
1230 3751 1294 3824 citit

278 3844 434 3916 ordinarii
447 3848 650 3919 contractum.¹
