2984 4666
518 385 825 453 urceroor
924 427 926 432 .
994 430 998 447 ,
1138 367 1203 460 ιιι

223 463 372 542 Cessante
389 471 496 542 tota
451 499 532 585 ejus
546 501 637 544 causa
621 477 753 559 finali,
772 501 835 543 non
852 503 925 544 vero
910 471 1008 543 sola
1026 475 1205 586 impulsivlt

172 564 319 635 'Et'
294 594 322 636 ιι
351 561 480 638 materia
507 569 572 659 ejus
598 570 642 638 ita
667 585 823 654 mutetur,
852 587 886 639 ut
916 571 1010 645 saciat
1024 570 1208 681 tprasialiud

182 663 338 750 objectum
349 665 414 751 (o);
408 664 555 733 ·'talis
509 691 590 733 emm
603 665 685 733 fuit
676 665 806 734 mtentio
820 666 914 757 tacita
924 667 1074 734 voventis

223 759 356 867 Mutatio
366 776 467 829 autem
479 755 623 830 notabilis
639 777 699 844 est,
720 755 746 829 si
765 751 895 830 materia
908 778 971 830 voti
963 761 1068 829 mala
1078 753 1207 844 eradat,

134 895 139 900 -
182 867 217 918 ut
243 851 270 918 si
293 853 326 920 in
349 855 518 947 religione
517 879 610 948 quam
624 857 710 950 quis,
735 871 764 924 et
778 875 839 950 non
857 857 951 924 aliam
958 813 1209 964 ,particularitei

183 947 311 1030 voverit,
323 975 385 1017 non
398 967 536 1018 servetur
548 951 709 1046 regulas
679 978 738 1020 msr
745 967 848 1019 tamen
858 953 946 1020 brevi
958 910 1179 1026 iestituenda
1155 967 1207 1033 sit,

222 1041 326 1110 Aut
302 1069 328 1110 s1
352 1046 463 1112 evadat
476 1046 567 1138 longe
560 1047 740 1115 difficilior
762 1062 791 1114 et
808 1028 967 1155 moraliter
986 1045 1206 1154 impossibilis,

182 1150 216 1202 ut
235 1136 261 1204 si
272 1154 377 1205 votum
391 1139 515 1250 impleri
529 1166 590 1208 non
603 1141 701 1236 possit
724 1141 789 1209 sine
813 1141 902 1233 gravi
924 1138 1154 1208 incommodo
1145 1138 1206 1233 ipsi

181 1232 367 1316 extrinseco,
381 1235 463 1302 vires
459 1253 640 1342 superante
657 1237 795 1304 voventis
809 1261 871 1303 non
885 1263 912 1327 e]
914 1261 949 1304 us
963 1236 1161 1324 voluntatem.

190 1327 333 1395 Sed
308 1353 335 1395 ει
358 1329 487 1396 materia
508 1330 572 1397 voti
598 1321 762 1396 divisibilis
790 1330 829 1396 sit
868 1347 898 1397 et
923 1345 1078 1397 remancat
1103 1326 1207 1420 quoad

180 1437 299 1514 partem
314 1418 489 1516 possibilis,
505 1425 608 1515 quoad
621 1423 700 1492 hane
715 1439 820 1490 votum
834 1425 968 1516 obligat,
983 1423 1043 1492 uisi
1064 1449 1140 1518 pars
1152 1419 1207 1486 illa

182 1541 301 1582 merum
320 1517 362 1583 sit
382 1517 601 1598 accessorium,
628 1533 680 1584 aut
717 1515 885 1586 aliamt
841 1545 872 1586 ιιι
872 1519 1043 1588 tentionem
1062 1515 1206 1602 habuerit

183 1610 373 1691 vovens,vel
384 1635 520 1679 causano
533 1601 678 1687 habuisse
691 1629 901 1706 presumatur
908 1614 967 1700 (b).
1222 1614 1224 1618 ’

223 1703 369 1793 Quod
343 1729 370 1772 ιι
393 1706 655 1799 impossibilitas
649 1723 787 1776 versetur
820 1708 972 1776 solum
946 1735 1030 1778 cirea
1054 1711 1204 1820 modum,

183 1811 287 1866 votum
301 1799 501 1892 implendum
522 1817 568 1868 est
578 1800 640 1868 aho
651 1802 763 1883 modo
783 1802 843 1870 nisi
834 1801 967 1876 modus
978 1803 1070 1872 suerit
1083 1806 1205 1899 princi
1224 1839 1225 1844 ¹

182 1892 311 1984 paliter
301 1909 449 1975 intentus,
463 1911 492 1962 et
503 1899 650 1988 tanquam
665 1856 838 1964 conditio
806 1923 879 1966 srne
885 1925 951 1990 qua
960 1925 1033 1966 non.

223 1989 309 2078 Ergo
319 2012 373 2081 qui
365 1988 565 2079 drsJunctrve
586 1991 686 2071 vovit,
702 2016 763 2056 uno
773 1991 958 2084 impossibili
968 1993 1068 2074 facto
1084 2007 1204 2062 tenetur

164 2083 221 2152 ¹ad
230 2083 330 2166 almd
345 2085 406 2152 nisi
397 2084 492 2150 inde
507 2085 627 2152 eveniat
637 2085 781 2152 notabilis
792 2100 932 2152 mutatio
1172 2095 1177 2122 ¹

221 2178 266 2247 Et
293 2181 347 2272 qui
374 2195 446 2250 vota
461 2177 561 2245 emisit
582 2170 851 2288 incompossibilia
856 2203 979 2253 servare
993 2178 1085 2248 debet
1098 2179 1205 2250 excel-

181 2273 627 2368 lentius3etpriuscmiss1im,
645 2273 898 2366 siaequalia‘smt

223 2370 288 2439 Sed
312 2371 364 2438 h1c
381 2369 488 2438 sedulo
508 2369 690 2437 notandum
698 2395 759 2436 non
781 2369 1094 2440 omnesdifficultates
1116 2395 1202 2464 qnae,

182 2466 337 2561 praevisae,
353 2481 460 2534 votum
483 2465 711 2573 impedissent,
733 2465 817 2532 illius
831 2465 1049 2556 obligationem
1063 2466 1201 2546 auferret

174 2561 236 2633 ,sed
251 2586 301 2630 eas
316 2561 416 2630 soliun
430 2585 499 2654 quae
509 2609 517 2643 ,
529 2587 583 2628 mu
584 2561 654 2650 tatis
668 2560 921 2641 circumstantiis,
938 2562 1016 2628 adcd
1035 2575 1105 2628 sunt
1118 2578 1203 2628 nota·

181 2655 276 2738 biles,
291 2656 340 2724 vol
359 2655 647 2750 deprehenduntur
638 2660 682 2722 ita
692 2679 886 2748 rmprovrsae
898 2671 933 2722 ut
943 2657 1119 2726 secundum
1123 2657 1204 2746 Judr

182 2751 263 2816 cium
275 2751 476 2843 prudentum,
489 2776 538 2818 res
552 2751 705 2844 promissa
719 2766 882 2868 censeatur
890 2750 1020 2820 transire
1038 2750 1070 2818 in
1089 2767 1202 2820 statum

182 2866 274 2935 quem
283 2869 396 2959 vovens
408 2869 470 2911 non
479 2845 633 2938 promisit

214 3030 249 3095 (a)
261 3031 311 3081 Etsi
321 3031 471 3095 percutpam
481 3030 606 3084 accident.
618 3035 690 3086 Deus

213 3101 247 3166 (b)
259 3104 289 3152 vi
299 3103 349 3151 voti
360 3102 417 3173 ergo
428 3104 458 3152 ad
466 3105 600 3154 castitatem
609 3107 708 3154 tenetur
717 3103 812 3164 puella,
819 3116 873 3165 quaa
884 3104 1020 3154 castitatem
1027 3103 1141 3166 voverat
1153 3098 1200 3154 etsi

184 3183 236 3223 earn
246 3170 396 3232 perdiderit,
408 3173 469 3233 nisi,
481 3173 546 3234 quod
556 3186 653 3224 rarum
663 3171 797 3222 intenderit
805 3167 928 3224 abstinere
939 3171 1018 3222 solum
1029 3169 1042 3222 a
1052 3176 1132 3286 primo
1144 3177 1201 3224 actu

184 3249 226 3300 per
235 3253 309 3300 quem
318 3241 413 3302 perdita
424 3245 470 3292 est
563 3277 566 3284 ,

212 3306 321 3360 Econtra
331 3313 373 3372 qui
384 3313 453 3362 vovit
462 3313 591 3362 ecelesiam
600 3313 735 3373 aedificare,
748 3325 797 3361 non
814 3313 916 3361 tenetur
927 3291 1109 3362 tundamenta'
1101 3278 1200 3372 iacere,

182 3379 203 3426 st
214 3379 240 3425 id
250 3376 418 3440 soldmpossit.
431 3383 492 3433 Sunt
502 3385 586 3434 tamen
596 3385 639 3448 qui
650 3386 708 3434 eum
724 3383 1054 3450 norcomannorum
1072 3383 1198 3444 capellam

183 3447 293 3498 videnda
305 3447 359 3509 ejus
373 3450 488 3502 intentio.
526 3465 533 3488 ι
