2948 4676
269 324 316 420 bl,
599 347 652 400 oa
672 329 961 402 sncnsrsnuro

267 436 434 532 dispositus
443 455 583 538 ³praeseus
601 429 642 504 sit
658 435 836 517 moraliter,
856 451 887 503 et
899 450 933 502 ut
948 429 1011 503 dici
1031 421 1131 528 possit
1143 411 1309 532 cottle'ssaf¹

268 534 349 602 rium
359 532 500 600 exc'rccle
514 546 618 600 actum
632 529 961 621 legitimtjudicialem
972 531 1036 616 (a).

307 625 495 694 Uud'eextrit
504 649 609 692 casum
617 621 807 694 necessitatis
817 621 968 690 absolutio
980 622 1090 691 cadere
1097 621 1192 694 debet
1200 651 1293 722 super

268 743 362 797 snum
374 719 484 789 saltem
491 733 655 813 peccatum
664 733 785 787 certum
795 733 826 786 et
838 715 971 811 sp'ecialc
982 717 1043 803 (b).

297 912 332 978 (a)
343 911 475 962 Praesentia
486 909 524 958 est
541 907 655 968 moralis,
666 907 764 969 mrandb
775 907 937 956 confessarius
946 907 972 956 et
981 907 1105 968 poenitens
1116 919 1142 957 se
1153 905 1240 960 mutub
1249 894 1293 961 ain-

265 983 319 1032 dirc
327 980 437 1043 possunt,
448 979 560 1040 quamvis
570 977 665 1036 aliquid
678 977 832 1036 intercedat,
847 977 873 1024 et
886 989 947 1024 voce
958 974 1030 1024 solitb
1041 978 1124 1025 altiori
1143 979 1293 1040 loquendum

242 1083 243 1090 κ
265 1051 306 1110 sit,
317 1047 453 1112 praesertim
462 1047 482 1094 si
492 1046 614 1106 poenitons
624 1045 657 1093 sit
668 1039 749 1092 adbirc
761 1045 790 1092 lu
800 1046 943 1106 conspecta,
954 1041 1015 1094 licit
1025 1046 1120 1106 septem
1134 1048 1177 1098 aut
1185 1051 1240 1097 octo
1248 1063 1293 1111 pc-

265 1120 338 1170 dibus
345 1121 396 1178 jam
404 1117 506 1166 distans.

296 1187 441 1250 Sedincasu
447 1181 603 1232 necessitatis
619 1175 785 1234 absolvendus
794 1179 859 1230 esset
868 1181 942 1229 homo
953 1181 979 1230 ln
995 1181 1081 1241 maiori
1093 1180 1223 1244 distantis,
1235 1179 1291 1235 crim

266 1255 396 1305 rideretur
405 1263 430 1302 r.
440 1263 463 1313 g.
475 1251 564 1320 cadens
576 1247 663 1300 ttocto
672 1251 713 1300 rel
722 1251 749 1298 ln
760 1261 849 1312 aquas,
859 1252 919 1312 quia
928 1251 987 1300 tunc
998 1252 1127 1312 praesentia
1139 1255 1237 1302 moralis
1245 1255 1292 1304 sub

265 1322 555 1376 oculisbabetursaltem
566 1319 650 1368 dubia.
1080 1341 1092 1362 a
1136 1376 1138 1382 Α
1203 1375 1208 1386 ί
1273 1333 1276 1340 ’

295 1395 328 1444 nt
338 1396 421 1442 antem
432 1391 502 1440 actus
509 1387 636 1448 iudicialis
645 1388 806 1448 exerceatur,
816 1385 970 1448 requiritur,
980 1387 1071 1448 praettr
1078 1384 1290 1453 iurisdictionem,

265 1464 291 1512 et
299 1461 389 1511 suffieit
397 1457 464 1521 quid
474 1471 507 1507 ex
516 1442 627 1505 omnid'm
644 1457 802 1518 peccatorum
813 1457 965 1504 confessione
978 1457 1099 1504 habeatur
1109 1458 1215 1506 virtuale
1224 1459 1292 1518 judi·

218 1529 220 1533 ’
264 1533 332 1580 cium
342 1530 373 1578 dc
382 1529 448 1578 statu
457 1527 626 1592 peccaminoso
636 1525 827 1587 peonitentiam
836 1527 903 1586 quod
913 1527 972 1574 satis
980 1527 1018 1574 est
1026 1527 1126 1576 contusa
1136 1530 1293 1588 peccatorum

264 1597 464 1656 reminiscentia,
476 1595 576 1644 contusa
586 1593 665 1642 statiis
675 1595 819 1654 poenttemb
827 1595 942 1654 cognitio.
954 1597 978 1646 V
977 1598 1033 1644 orii.

294 1660 472 1728 tractarunt
486 1663 624 1711 absolveret
636 1663 797 1727 confessarius
806 1664 851 1724 qni
865 1663 999 1723 nequidem
1009 1661 1107 1714 veniale
1123 1667 1291 1727 percepisset,

264 1735 323 1796 quia
330 1730 401 1794 arqui
412 1733 450 1781 est
459 1743 488 1780 ac
497 1727 518 1779 sl
527 1731 595 1778 nulla
607 1731 672 1778 esset
681 1731 809 1779 confessio.
821 1733 852 1780 Ρ.
861 1733 966 1780 Gaesao

295 1803 324 1848 ln
334 1801 492 1848 missionibus
500 1811 600 1846 necesse
611 1811 660 1847 uon
673 1799 712 1846 est
721 1801 835 1859 repetere
847 1801 1011 1860 confessiones
1028 1802 1170 1861 generales,
1184 1803 1260 1850 etiam
1276 1800 1291 1851 ’a

266 1871 391 1919 mensibus
401 1869 514 1930 pluribus
525 1867 610 1927 lactas,
621 1868 734 1928 quamtis
742 1867 903 1917 confessarius
914 1881 962 1915 nou
973 1868 1116 1916 recordetur
1125 1871 1290 1929 peccatorum.

265 1940 357 1989 Psonis
365 1938 560 1998 Bnjoccnsispost
578 1937 729 1984 Sertorium.
743 1938 774 1984 nt
789 1931 876 1984 reverit
891 1936 992 1984 videtur
1010 1937 1125 1984 eumdem
1137 1950 1189 1985 esse
1208 1939 1290 1987 actum

263 2007 411 2066 iudicialem
422 2005 601 2056 continuatum.
612 2001 638 2052 Si
649 2004 734 2052 tamen
741 2005 865 2064 poenitcns
874 2017 922 2052 non
932 2004 1104 2053 reminiscatur
1115 2005 1235 2067 imposita
1243 2009 1290 2055 sibi

262 2076 432 2138 ponitentiae,
443 2087 492 2122 non
502 2073 616 2133 ridetur,
627 2073 749 2135 quidquid
759 2073 884 2133 dixerint,
904 2077 962 2122 eum
973 2085 1043 2134 posse
1057 2075 1151 2122 alisolri
1162 2075 1215 2124 sinc
1229 2077 1291 2124 novi

264 2143 371 2206 qnidam
381 2144 490 2206 generali
504 2141 670 2204 contessione3
682 2153 739 2191 nam
755 2143 904 2202 imponenda
919 2145 956 2190 ost
967 2153 1030 2190 nors
1046 2144 1207 2204 punitentia,
1226 2145 1292 2206 quod

264 2215 318 2263 lieri
332 2215 437 2274 nequit,
448 2213 496 2260 nisi
507 2213 667 2272 cognoscatur
682 2207 756 2273 quim
767 2212 832 2259 mala
848 2211 925 2260 tuerit
939 2213 991 2260 vita
1009 2212 1162 2272 poenitentis.
1179 2211 1291 2264 consulti

264 2283 340 2342 igitur
349 2281 406 2330 talis
416 2279 495 2342 primd
507 2281 647 2341 imponatur
662 2281 809 2341 poenitentia
819 2315 826 2341 ,
836 2294 892 2343 quae
901 2281 928 2329 in
938 2281 1083 2329 memoriam
1097 2283 1197 2330 revocet
1207 2283 1292 2332 coniu-

263 2363 316 2398 sam
324 2350 480 2412 peccatorum
490 2349 613 2396 notitiam.
625 2349 655 2397 at
668 2350 699 2410 si,
711 2351 792 2410 inquit
804 2353 832 2398 Pa
841 2351 952 2410 Gerrals,
962 2351 1124 2400 contessarlus
1132 2353 1226 2400 nulllus
1235 2365 1293 2414 pec·
1358 2387 1361 2396 r

263 2420 313 2467 cati
320 2421 346 2466 in
354 2417 495 2479 particulari
504 2418 656 2480 recordetur,
665 2427 743 2467 unum
754 2415 1073 2479 autaiterumipoeutents
1080 2421 1200 2469 sciscitari
1208 2422 1290 2470 debet.

261 2487 294 2554 lit
306 2488 370 2548 nibil
378 2485 458 2534 obstat
465 2487 526 2548 quin
536 2485 592 2536 anti
602 2489 781 2536 absolutionem
791 2489 857 2536 dicat
867 2489 890 2535 ei
900 2501 908 2534 r
920 2489 1023 2537 Accusas
1032 2492 1053 2536 te
1062 2487 1136 2537 deum
1150 2491 1177 2536 do
1185 2489 1292 2540 omnibns

260 2552 437 2622 *qooebucosqui
446 2556 563 2618 cottfcssns
576 2571 600 2607 cs
606 2589 614 2616 ,
624 2561 646 2606 ct
656 2559 683 2605 de
693 2558 778 2606 oblitis.
788 2558 819 2604 Et
829 2553 855 2603 id
866 2555 1010 2604 curandum.
1024 2556 1102 2603 Tbcot.
1115 2558 1167 2604 Pici
1179 2555 1236 2618 [oq
1245 2551 1269 2605 o.
1280 2557 1290 2619 ]
1316 2598 1318 2601 ,

293 2624 342 2674 sed
352 2624 488 2674 cavendum
506 2637 539 2674 ne
550 2627 712 2686 torqueantur
724 2624 874 2686 poenitentes
891 2621 1104 2672 etconiundantur
1119 2635 1166 2684 per
1175 2625 1291 2672 iteratam

262 2695 421 2756 peccatorum
432 2693 619 2743 contessionem.

294 2760 329 2828 (d)
340 2764 432 2824 stergo
442 2765 550 2812 nonnisi
561 2763 636 2812 dubia
653 2763 753 2812 accuset
762 2761 900 2824 poenitens,
911 2760 939 2808 nt
952 2759 1043 2808 accidit
1053 2755 1143 2820 sepiis
1152 2761 1180 2808 ln
1196 2761 1291 2822 cogita-

258 2831 373 2882 tionibus
381 2827 464 2882 contri
479 2833 626 2892 castitatem,
641 2833 668 2882 in
679 2831 879 2881 distractionibus
897 2830 1023 2878 recitando
1032 2841 1129 2890 preces,
1137 2829 1165 2876 in
1175 2841 1291 2890 coopera-

263 2902 331 2952 tione
338 2903 446 2964 peccatis
454 2901 552 2962 alienis,
558 2903 617 2962 etc.;
627 2907 714 2950 curare
723 2903 797 2950 debet
802 2901 964 2950 conlessarlus
971 2901 1001 2947 ut
1006 2897 1103 2960 aliquod
1110 2898 1167 2946 vitae
1173 2899 1291 2946 anteacta

262 2974 393 3036 peccatum
404 2971 498 3017 certum
510 2970 579 3018 dictu
588 2982 638 3018 uon
645 2971 757 3030 diliicile,
767 2971 797 3020 de
808 2985 857 3032 quo
870 2971 928 3020 actu
940 2969 1075 3032 poeuiteat,
1086 2965 1167 3016 dcnn‘o
1177 2967 1292 3016 onusta

263 3039 314 3100 tur,
323 3039 352 3086 ut
361 3037 438 3099 possit
447 3037 553 3088 absolrl.

304 3203 357 3290 89.
378 3197 427 3266 Ut
442 3198 517 3266 verb
535 3195 621 3265 liciti
639 3195 732 3264 detur
744 3194 914 3276 absolutio,
931 3209 1019 3264 extra
1032 3217 1136 3262 casum
1149 3177 1290 3264 neccssiss

262 3293 351 3374 catis,
364 3291 531 3386 requiritur
543 3292 669 3386 itisrmcr
681 3306 711 3360 et
725 3290 840 3382 sufficit
852 3287 1007 3380 judicium¹
1018 3289 1057 3357 de
1071 3287 1211 3380 legitimi
1230 3287 1278 3358 dir

260 3386 413 3484 positione
427 3385 603 3549 [innitentis
620 3402 667 3454 sat
689 3385 843 3482 prudens,
861 3399 896 3456 ut
915 3385 1057 3456 efformet
1075 3383 1288 3457 certitudinem

262 3479 414 3550 moralem
440 3483 490 3560 ati
507 3479 652 3567 dictam(
674 3484 700 3569 ).

304 3574 400 3646 Und'e
414 3575 524 3661 timor,
538 3575 603 3646 imb
616 3576 761 3673 praevisio
778 3577 917 3686 relapsis
934 3595 998 3646 non
1016 3599 1139 3674 semper
1160 3575 1286 3672 impedit

263 3669 466 3743 absolutionis
481 3672 677 3743 beneficium.
695 3671 909 3743 Nihilominus
924 3677 1006 3770 saepi
1021 3690 1095 3742 tunc
1115 3668 1284 3743 adlimam

264 3766 332 3858 ejus
344 3766 472 3852 dilatio,
486 3767 596 3838 saltem
608 3772 756 3863 tanquim
764 3768 903 3838 medium
913 3769 1163 3865 perseverantia.
1216 3837 1219 3844 κ

212 3964 218 3970 ι
306 3859 344 3928 lo
356 3861 539 3934 necessitato
551 3862 756 3934 movendus
768 3862 919 3934 occubit
933 3861 1100 3960 disppsitus
1113 3861 1164 3950 (b)
1176 3859 1271 3954 [733]
1319 3881 1335 3914 ³
