2932 4658
266 347 345 424 upa
535 344 589 396 nn
609 339 774 396 scarie
798 337 1035 394 ermenero

269 475 272 480 ,
300 427 770 490 mdtoonrtdcnudemnandaprcxts
779 428 954 489 eorumquide
965 417 1297 484 hiccircumstantid,extli

269 500 347 548 dictos
355 513 425 548 casus
436 501 532 558 sallem,
540 500 689 560 prenitentes
698 505 748 546 non
757 498 916 556 interrogant.
925 497 1038 544 Attamen
1045 489 1117 540 tacite
1129 493 1167 540 est
1177 492 1207 540 de
1218 490 1247 540 ca
1258 493 1298 540 iu-

269 568 384 628 quiem,
396 567 422 616 ct
440 569 620 627 paucisrverbis
637 569 664 616 in
675 567 868 616 confessionibus
883 565 1057 624 ementitum
1074 563 1123 610 inc
1145 563 1223 614 ᾶὲεδιιε
1233 563 1298 622 sectis

267 635 398 696 presertim
407 637 508 698 faciebas
517 669 525 694 ‚
537 637 563 684 et
571 631 671 696 reverti,
683 635 735 683 ruri
746 630 870 695 praecipue
881 633 1012 694 pcccataet
1022 632 1112 678 abusus
1121 631 1297 692 communiora,

166 727 169 735 ·
268 706 390 768 pluraque
402 706 542 756 iuuenibus
551 705 735 768 ahoplticilrut,
747 705 836 752 dicbus
846 703 920 752 lestis
931 701 1129 750 committuntur.

728 815 845 828 m

268 881 270 886 “
312 867 619 942 3323Excommuni
641 867 791 937 sententiat
802 881 832 936 et
845 863 935 961 praxi
955 863 1095 932 fidelium
1107 861 1295 946 anniversali,

269 965 435 1034 servilibus
451 965 608 1060 aliquibus
618 989 730 1035 vacare
741 962 844 1032 sinunt
853 961 962 1034 diebus
973 959 1088 1045 sacris,

310 1057 418 1129 Pietas
433 1063 501 1146 (alc

309 1151 488 1224 Necessitas
500 1153 625 1248 publica
636 1168 688 1222 aut
701 1152 823 1248 privata
833 1152 897 1237 (bh

310 1247 510 1317 Consuetudo
526 1247 680 1340 legitima,
696 1247 750 1315 uhi
761 1247 845 1339 viget
860 1248 924 1332 (c);

269 1359 273 1364 '
310 1341 355 1410 Et
368 1344 556 1440 dispensatio
569 1367 636 1438 quae
645 1346 818 1438 praesertim
827 1342 930 1408 locum
943 1338 1038 1407 habet
1049 1341 1121 1406 edm
1135 1337 1295 1407 dubitatur

269 1433 309 1506 dc
324 1437 507 1506 sufficientiis
518 1464 616 1507 causae
630 1437 793 1519 naturalis,
808 1437 863 1505 sed
876 1439 1033 1528 nunquam
1043 1433 1103 1502 nisi
1114 1435 1154 1501 ob
1166 1459 1296 1525 gravem

270 1548 301 1600 et
327 1536 441 1625 justam
469 1559 597 1604 causam
623 1534 686 1602 dici
711 1533 865 1601 sanctitati
890 1530 1157 1627 proportionatam
1176 1555 1293 1600 ,concc-

272 1625 388 1698 denda.
465 1659 466 1664 ¹
1173 1703 1179 1714 x

270 1785 272 1790 .
309 1725 391 1796 Earn
409 1741 512 1796 autem
528 1725 697 1799 concedere
710 1740 839 1818 possunt
849 1722 1019 1818 Episcopi,
1041 1737 1072 1792 et
1092 1721 1220 1816 quidem
1232 1715 1294 1804 ,en

242 1865 245 1872 ·
269 1822 501 1904 consuetudine,
514 1847 572 1914 pro
586 1821 819 1890 necessitatibus
833 1819 958 1887 futuris.
1027 1847 1029 1856 ·
1202 1813 1205 1818 ’

251 1915 252 1918 ’
309 1913 362 1983 Ex
376 1908 484 1984 eadem
503 1915 721 1984 consuetudine
745 1914 891 2010 parochi,
910 1915 965 1982 scd
979 1912 1101 1984 nomisi
1115 1913 1155 1980 ad
1172 1929 1295 2006 ternpus

268 2010 459 2080 necessitatis
472 2010 644 2106 presentis,
659 2015 731 2080 cicun
744 2011 785 2080 ad
798 2007 991 2105 Episcopum
1000 2036 1064 2078 non
1077 2024 1123 2078 est
1136 2033 1293 2077 recursus.

310 2105 385 2176 Non
399 2107 589 2192 confessarii,
603 2107 658 2202 qui
672 2107 773 2176 solum
787 2105 947 2178 declarare
959 2121 1087 2202 possunt
1104 2105 1138 2173 iu
1151 2103 1207 2172 tali
1221 2127 1294 2172 casu

268 2192 373 2293 legem
388 2229 451 2270 non
462 2203 614 2296 obligare.
1175 2225 1180 2232 ·

218 2335 224 2347 ·
311 2295 376 2365 Sed
398 2299 521 2364 obtensa
544 2298 734 2394 dispensatio
755 2297 982 2390 manifestanda
1001 2305 1049 2366 est
1070 2295 1115 2366 ed
1134 2293 1295 2378 vitandum

268 2390 448 2486 scandalum
459 2391 523 2477 (d).
768 2409 770 2413 ‘

281 2611 284 2622 ι
298 2577 336 2643 (c)
347 2582 384 2632 Oia
392 2582 510 2645 pictatem
519 2583 668 2632 execuntur
678 2583 722 2644 qui
732 2582 815 2632 loreas
825 2583 923 2632 facicm
936 2583 968 2632 ad
977 2583 1088 2634 mortuos
1100 2581 1262 2644 sepeliendos.

297 2652 327 2698 Et
335 2653 378 2712 qui
388 2665 416 2700 ea
426 2665 481 2714 quae
491 2651 521 2699 ad
531 2653 701 2700 oruamentum
719 2654 834 2701 Ecclesiae
848 2654 975 2714 pertinent
984 2687 993 2714 ,
1002 2667 1029 2702 v.
1039 2667 1074 2714 p,
1089 2654 1182 2714 tapetia
1193 2655 1219 2700 et
1228 2651 1295 2700 serta

266 2721 447 2782 appendentes,
457 2721 578 2781 templum
588 2721 729 2780 terrentes,
740 2722 827 2770 altaria
838 2721 865 2769 in
872 2722 924 2770 riis
932 2723 1090 2784 extruentes,
1100 2723 1149 2770 etc.
1157 2719 1294 2770 venaliter·

266 2791 411 2850 mensur
428 2793 513 2841 tamen
527 2792 613 2840 sities
633 2787 760 2840 mmmodd
780 2786 860 2851 pridie
881 2791 936 2840 ficri
956 2793 1068 2853 possint,
1085 2792 1140 2854 nisi
1154 2791 1218 2840 bona
1233 2789 1295 2838 tides

267 2861 380 2907 excuset.
766 2873 774 2884 ³

297 2927 562 2976 Seduonexcusantur
572 2927 666 2988 templa
685 2928 948 2988 extruentcs‚tapetia
962 2929 1006 2978 aut
1019 2929 1085 2978 serta
1105 2927 1293 2990 componentes,

266 2995 371 3053 rosaria,
381 2991 448 3052 imd,
464 2991 536 3052 juxta
547 2996 642 3056 callet,
657 3009 734 3056 panes
752 2997 929 3046 consecrandos
946 2997 1119 3058 conficientes,
1129 3010 1178 3048 nec
1194 3009 1296 3065 mappas

265 3061 377 3110 aetesiae
387 3062 497 3114 nentes
504 3065 565 3121 ,aaut
573 3065 655 3112 restes
666 3077 711 3124 pro
728 3066 879 3126 pauperibus
889 3067 1002 3126 suentes,
1014 3068 1065 3116 etc.

253 3185 256 3193 Ι
297 3127 332 3192 (tl
343 3130 379 3177 ob
390 3131 564 3196 necessitatem
574 3133 700 3192 publicam
711 3134 832 3182 excusam
842 3135 936 3195 eosqui
948 3137 1050 3196 pontes,
1061 3136 1232 3200 timagenes
1241 3143 1295 3182 am-

264 3198 458 3250 riumrslciunt
468 3200 566 3260 aliaque
575 3199 666 3248 similia
675 3204 867 3262 quaeneqoeunt
882 3204 987 3254 differri.

295 3267 326 3317 Et
334 3269 378 3327 qui
395 3267 518 3326 iudicium
527 3270 613 3318 mortis
623 3269 827 3330 pronunciant‚si
838 3273 918 3320 terror·
931 3274 964 3320 sit
974 3267 1054 3320 subitt
1070 3268 1243 3332 incutiendus,
1252 3271 1295 3321 vel

264 3334 408 3384 sitimorsit
417 3349 449 3384 ne
459 3339 536 3386 testes
545 3338 688 3400 discedant,
699 3339 742 3388 aut
751 3339 848 3398 iustitia
858 3339 1098 3400 aliterimpcdiatur.
1115 3377 1119 3380 .

295 3404 344 3452 tter
364 3403 454 3453 desunt
473 3406 518 3466 qui
532 3408 651 3456 excusent
671 3420 715 3456 cos
733 3409 776 3468 qui
788 3409 915 3468 laborant,
929 3409 960 3454 oh
978 3408 1090 3456 laetitiam
1104 3419 1259 3458 communem
1270 3410 1296 3460 et

264 3473 419 3535 splendorem
430 3473 479 3534 ,ed
487 3474 619 3524 reficienda
630 3477 675 3525 ant
683 3475 834 3538 perficienda
845 3478 957 3537 theada,
968 3477 1037 3537 ignes
1047 3477 1163 3528 artificios
1177 3479 1295 3527 extruen-

264 3545 322 3604 dos,
330 3545 427 3593 antean
437 3545 597 3598 ordinandam
607 3557 653 3606 pro
662 3548 771 3599 adventu
779 3547 908 3609 principis,
918 3559 945 3595 v.
956 3560 980 3607 g.
985 3550 1015 3598 P.
1029 3548 1133 3603 Thomas
1142 3562 1173 3598 cac
1182 3548 1295 3598 ctrarmes

264 3613 361 3728 andos.
381 3613 507 3674 mut-Qua
521 3611 590 3664 cert'e
607 3615 640 3664 ad
655 3616 757 3667 libitum
773 3618 799 3668 et
816 3611 983 3668 attriverant
1001 3617 1175 3668 necessitatem
1192 3616 1293 3666 extendi

261 3692 295 3736 m
315 3693 365 3732 tm·

294 3749 483 3812 Tondemplure
498 3753 524 3800 ln
535 3751 601 3800 hello
616 3753 803 3814 permittuntur.

292 3818 332 3867 cn
340 3822 513 3875 necessitate·
522 3820 581 3871 vero
590 3822 711 3883 privatam
719 3823 771 3870 sive
781 3823 887 3869 alienam
895 3823 949 3874 sire
953 3824 1078 3888 propriam
1088 3820 1246 3884 excusantur.

294 3887 320 3936 {⁰
328 3887 401 3950 toqui
413 3889 494 3952 cibos,
503 3889 729 3952 etpharmacopolae
735 3889 916 3942 medicamenta
926 3895 1055 3957 parentent
1070 3888 1206 3946 calceantes
1216 3901 1294 3954 equos
