2990 4672
558 409 611 464 aa
634 410 862 470 caecaris.w
973 465 976 472 ,
1108 469 1111 476 ,
1155 393 1222 472 ι65

231 491 417 545 circumstantia
425 491 478 546 hac
488 497 595 559 speciem
601 485 682 548 mutat
692 501 720 550 in
729 501 863 561 multiplici
873 511 944 566 casu,
955 496 999 551 sed
1007 495 1111 550 adhunc
1122 515 1224 565 penma-

201 559 251 611 icm
266 567 418 626 reductibiti,
429 566 494 628 qnbd
503 566 591 630 nempe
601 583 714 630 peccans,
725 569 774 633 alia
784 567 858 632 quim
868 573 992 624 communi
1002 573 1056 634 lego
1066 587 1120 620 rem
1131 574 1222 637 facore,

200 635 244 680 aut
252 636 331 682 vitare
346 639 467 685 tencatur.
485 637 541 697 Sic,
554 639 573 685 si
585 640 641 687 voto
652 639 770 686 castitatis
778 639 867 702 ligatus
878 643 991 701 peccaret
1002 638 1087 692 contra
1096 655 1169 704 earu,
1180 645 1221 692 ad·
1265 663 1267 672 ¹

199 700 270 751 decet
278 708 378 764 peccato
389 707 494 756 luxuriae
503 708 632 767 peccatum
641 703 724 756 conta
732 709 884 768 religionem.

232 770 300 832 Saepe
312 775 398 822 itidem
409 776 591 826 circumstantia
610 777 661 823 baec
672 775 793 823 malitiam
803 780 875 835 auget
887 776 1041 836 notabiliter3
1053 773 1140 838 longe,
1150 793 1174 828 v.
1184 793 1225 844 3.,

200 843 297 898 maior
308 845 345 890 est
353 844 461 890 incestus
474 857 529 892 curn
540 857 621 891 sorore
632 841 705 904 quam
716 859 773 894 cum
784 844 936 893 consobrini.
946 846 985 894 Sic
995 845 1080 906 etiam,
1090 844 1161 906 luxti
1170 851 1226 910 plu·

201 921 251 969 res,
262 909 332 970 incipis
343 909 441 972 pmvids
450 915 565 971 peccaret
574 915 696 973 parochus
706 927 763 962 cum
771 913 815 962 sui
827 913 973 975 parochiani
1005 911 1060 962 n'arn
1072 929 1129 963 cum
1140 921 1225 966 extra·

201 977 257 1025 nei.
270 979 319 1029 lmb
327 995 376 1028 non
387 982 476 1030 desunt
485 982 528 1041 qui
540 981 575 1030 ibi
585 982 687 1032 videant
695 984 823 1042 peccatum
834 979 971 1044 injustitias.
1008 996 1020 1030 c
1032 984 1141 1044 tandem,
1151 982 1225 1043 luxti

200 1046 294 1108 collat,
306 1045 582 1110 longegmuiiuspeccat,
591 1062 617 1096 se
628 1048 781 1108 inebriando,
793 1051 907 1109 clericus,
918 1046 990 1110 qu'arn
1001 1052 1122 1111 laicusln
1133 1065 1225 1112 genere

199 1126 302 1174 persona
313 1118 339 1164 in
350 1119 426 1177 gradu
444 1130 531 1178 magno
542 1115 690 1175 constituta,
707 1119 793 1177 peccat
811 1120 954 1166 notabiliter
966 1117 1145 1183 gravins'qndm
1156 1123 1225 1184 alia,

199 1183 231 1232 ob
247 1185 390 1235 facilitatem
403 1187 547 1245 resistendi,
561 1186 694 1244 specialem
701 1189 889 1245 repugnantiam
899 1220 909 1246 ,ι
924 1189 1141 1249 ingratitudinem
1158 1187 1225 1250 qnod

198 1253 337 1302 extendunt
344 1255 421 1314 aliqui
432 1255 463 1301 ad
473 1255 616 1314 peccantem
626 1254 739 1313 quemvis
750 1267 806 1306 cnm
820 1255 921 1313 speciali
931 1255 1102 1315 repugnantia.
1114 1257 1193 1306 Vertit

187 1320 190 1327 '
229 1324 290 1383 Quid
300 1323 400 1371 denotat
410 1324 554 1383 qualitatem
572 1323 597 1380 et
607 1321 775 1382 quantitatem¹
787 1321 877 1379 objecti
894 1323 1004 1382 peccati;
1016 1322 1065 1370 imb
1077 1325 1103 1371 et
1121 1317 1228 1382 effecisia'

197 1391 357 1440 accidentalis
368 1405 400 1439 ex
414 1405 443 1439 eo
454 1392 533 1440 secuti
540 1391 706 1452 culpabiliter,
714 1391 757 1439 vel
763 1390 807 1451 qui
813 1391 937 1438 debuisset
945 1392 1015 1452 sequi
1026 1393 1052 1440 et
1061 1392 1102 1440 cni
1113 1405 1139 1440 se
1148 1406 1226 1454 expos

199 1458 249 1512 suit
258 1471 365 1518 peccam
677 1484 680 1490 ·

229 1527 415 1574 circumtantia
430 1525 598 1585 haecspcciem
608 1525 689 1572 mutat
697 1557 704 1584 ,
713 1525 734 1572 si
744 1557 753 1583 ,
762 1537 786 1572 ι.
798 1537 822 1584 g,
832 1525 956 1584 objectum
969 1527 1065 1586 peccati
1076 1526 1109 1574 sit
1122 1527 1174 1576 Deo
1185 1539 1224 1577 aa·

200 1605 279 1652 arum,
289 1595 309 1640 si
318 1607 420 1653 persona
429 1595 518 1640 offensa
530 1594 561 1641 sit
571 1593 713 1653 specialiter
723 1593 870 1652 coniuncta,
881 1594 911 1641 nt
919 1595 1000 1654 pater,
1011 1596 1059 1642 etc.

229 1661 357 1720 Attamen,
366 1663 447 1722 inquit
457 1663 487 1708 D.
496 1663 570 1720 Dans,
581 1663 671 1709 offensa
681 1663 774 1722 quaevis
787 1673 896 1722 personae
912 1662 1053 1722 specialiter
1068 1660 1222 1724 coniuncta,

199 1741 249 1778 nou
258 1729 357 1778 vitietur
365 1731 493 1780 mortalem
504 1743 600 1778 sumere
609 1731 730 1778 malitiam
737 1731 880 1790 specialem,
889 1727 959 1778 extri
969 1731 1076 1791 primum
1085 1731 1128 1778 ant
1137 1744 1223 1780 secun-

102 1803 105 1806 ·
198 1797 257 1844 duan
267 1800 482 1858 consanguinitatis
492 1799 533 1847 vcl
542 1799 668 1847 affinitatis
678 1798 843 1860 gradumsed
853 1811 901 1847 non
911 1795 945 1847 ita
957 1799 982 1846 in
989 1799 1097 1859 peccatis
1105 1799 1222 1849 luxurias.

197 1866 383 1916 circumstantia
392 1869 458 1919 cuim
466 1864 496 1916 cd
507 1869 567 1916 tuuc
577 1868 721 1916 extenditur
734 1865 782 1929 pub
788 1867 1018 1948 gradmpmhibid.
1026 1867 1122 1932 Gradus
1130 1865 1187 1928 erpi
1195 1869 1223 1917 in

197 1935 348 1983 confessione
359 1937 519 1983 declarandus
529 1935 574 1983 est.
889 1988 894 1994 p

227 2004 256 2049 ut
267 1999 331 2063 saep'e
350 2005 470 2052 malitiam
489 1991 633 2052 notabiliter
650 2001 724 2060 auget
742 2001 926 2051 circumstantia
944 2003 1018 2064 qnid,
1036 2003 1066 2049 nt
1086 2002 1113 2050 in
1137 1997 1222 2064 turn:

196 2069 357 2132 detractione,
369 2073 417 2121 etc.
429 2074 492 2120 item
506 2072 527 2119 si
537 2081 641 2133 persona
651 2083 706 2132 que
716 2069 841 2128 objectum
851 2071 889 2118 cst
897 2072 1008 2137 peccati,
1020 2071 1053 2118 sit
1060 2071 1158 2130 grandis
1169 2072 1223 2132 dip-

196 2139 290 2186 nitatis.
1127 2151 1131 2158 ·

205 2260 209 2268 ,
228 2210 272 2258 Uir
282 2209 330 2257 loci
340 2209 487 2270 qualitatem
496 2203 626 2268 significat.

226 2279 410 2326 Circumstantia
419 2279 467 2324 loci
477 2267 541 2336 saepi
552 2285 641 2324 novam
647 2273 750 2335 peccato
756 2272 825 2322 addit
831 2272 933 2322 malitie
943 2275 1066 2334 speciem,
1082 2274 1111 2322 ut
1122 2273 1222 2333 iniusti-

195 2347 247 2401 tiae,
256 2348 350 2394 ratione
359 2348 457 2394 honoris
468 2347 529 2404 laesi,
538 2344 656 2402 scandali,
667 2344 693 2390 et
701 2343 833 2402 sacrilegii,
843 2339 900 2390 edm
910 2339 1068 2403 nempbactio
1078 2355 1145 2391 sacra
1156 2339 1222 2392 mars

196 2415 260 2462 fitin
275 2414 328 2462 loco
338 2416 453 2474 profano,
463 2416 516 2482 ant·
527 2414 591 2464 actio
608 2411 822 2480 profana,saltgm
836 2413 950 2474 pluribus
960 2413 987 2462 io
1002 2412 1111 2474 casibus,
1120 2413 1153 2470 jin
1167 2413 1221 2474 loco

196 2494 273 2530 sacro.

226 2551 274 2598 Sed
281 2547 334 2598 rarb
342 2545 485 2608 notabiliter
494 2543 746 2610 aggmmtpeccatum
756 2543 804 2597 nisi
814 2543 876 2597 forti
887 2547 914 2598 in
924 2548 1029 2599 materia
1037 2549 1151 2609 justitiae,
1161 2549 1220 2598 uisi

194 2621 259 2681 quis,
270 2621 296 2667 in
307 2621 360 2668 ioco
370 2621 480 2681 publico,
492 2620 666 2671 contumetiam
677 2619 753 2672 atteri
767 2618 867 2666 inferat.
1118 2629 1128 2646 ι

225 2689 313 2750 Quibus
322 2691 439 2738 amittis:
454 2689 627 2748 intelliguntur
642 2685 683 2734 liic
703 2687 880 2745 instrumenta,
895 2698 1019 2747 personas,
1034 2685 1114 2733 attam
1138 2685 1221 2754 media

194 2758 284 2816 quibus
292 2757 323 2803 nd
333 2757 483 2816 peccandum
489 2757 545 2816 quis
550 2757 638 2803 utitur.
650 2757 707 2802 llaec
716 2755 899 2804 circumstantia
904 2755 1000 2804 mutare
1009 2755 1090 2814 potest
1100 2754 1219 2814 speciem,

195 2837 240 2871 sen
249 2837 338 2872 novam
348 2825 447 2882 addae,
456 2838 481 2872 ι.
491 2839 525 2883 g,
537 2825 620 2884 siquis
631 2824 782 2870 confessione
791 2824 903 2872 uteretur
912 2824 942 2872 ad
951 2823 1117 2872 inducendum
1126 2825 1221 2872 confes·

195 2894 288 2939 sarium
298 2893 330 2939 ad
342 2893 440 2951 turpia3
455 2894 548 2952 philtra
557 2891 588 2940 ad
598 2891 765 2944 seducendam
778 2893 902 2952 puellam;
917 2892 988 2952 iussn
1006 2891 1037 2940 ad
1051 2892 1219 2942 inducendum

195 2961 304 3020 aliquem
315 2961 345 3007 ad
354 2961 493 3020 precantum.
505 2961 574 3007 Esset
583 2960 648 3007 eninr
661 2960 720 3007 tunc
731 2959 871 3008 scandalum
883 2961 1000 3022 speciale.
1023 2997 1029 3016 ,

224 3025 359 3087 Aliquando
376 3029 452 3076 otiam
463 3029 583 3076 malitiam
594 3028 736 3075 notabiliter
744 3029 826 3087 auget,
836 3041 864 3076 ac
873 3026 975 3089 proindb
992 3027 1111 3076 declarari
1126 3026 1220 3078 debent

193 3099 220 3146 in
229 3100 379 3146 confessione
388 3098 470 3146 media
479 3097 671 3154 extrmrdinpria
681 3095 792 3146 adhibita
799 3098 830 3146 ad
838 3099 1000 3158 peccandum,
1008 3101 1034 3148 ei
1044 3109 1129 3145 eorum
1135 3097 1219 3166 extra&

193 3167 465 3216 ordinariamultitudc.

223 3236 271 3284 Sed
280 3249 329 3285 non
339 3236 472 3294 ordinaria,
483 3235 531 3282 nisi
545 3234 615 3285 actus
624 3245 674 3282 non
682 3233 758 3283 fuerit
768 3233 875 3282 seculus.
885 3234 952 3280 Tunc
962 3233 1028 3279 sirim
1039 3233 1092 3294 ipsa
1102 3232 1152 3280 sola
1164 3245 1218 3282 me·

193 3305 233 3352 dia
240 3307 368 3364 peccatum
377 3305 498 3354 efficiunt.
508 3301 577 3352 Undis
588 3299 603 3351 a
613 3302 715 3350 nefariis
725 3301 870 3350 declaranda
881 3301 938 3347 sunt
948 3301 1109 3362 inutiliaque
1119 3332 1127 3359 ,
1139 3305 1168 3351 ad
1179 3313 1217 3350 aa·

193 3372 341 3425 ducendum.
352 3375 496 3422 conamenia
506 3373 682 3422 adhibuerunt.
996 3428 998 3432 ι

224 3441 271 3486 Cor
276 3440 369 3487 indicat
378 3441 453 3488 furem
463 3437 640 3489 accidentalem
650 3449 724 3499 quem
735 3448 840 3497 peomne
850 3433 896 3483 sibi
907 3435 1043 3496 proposuit.
1052 3434 1217 3483 circumstan-

192 3511 228 3556 tia
238 3509 291 3554 lumc
301 3509 328 3553 in
339 3509 420 3554 actum
434 3510 525 3557 bonum
539 3509 635 3556 inducit
652 3507 789 3563 malitiam,
809 3505 835 3552 et
845 3504 947 3564 quidem
956 3505 1102 3563 mortalem,
1121 3504 1142 3550 si
1159 3503 1219 3554 tinia

167 3576 168 3579 ’
192 3575 329 3625 mortaliter
336 3576 415 3622 malus
425 3577 470 3644 sita
481 3589 617 3636 nouamque
627 3575 694 3622 addit
706 3575 772 3623 actui
779 3569 829 3631 saun
839 3573 914 3620 mato.

220 3645 251 3691 rt
262 3655 351 3702 angere
360 3643 441 3702 potest
454 3645 589 3704 snalitiam,
605 3643 634 3692 ut
644 3643 665 3691 sl
679 3644 735 3703 quis
745 3639 825 3702 prima
845 3641 901 3688 uice
913 3635 1091 3701 forniceturad
1104 3635 1212 3698 puellam

191 3713 239 3762 sibi
248 3710 435 3760 devincendam.

215 3778 341 3844 Quomodo
352 3777 473 3840 significat
482 3777 581 3826 modum
590 3776 767 3832 accidentalem
775 3787 823 3836 quo
833 3772 963 3836 peccatum
972 3773 1129 3840 commissum
1135 3777 1179 3823 ost.

214 3847 309 3964 ¹{iissfsstrut
318 3847 349 3897 ab
359 3846 476 3906 auxiliis,
486 3859 542 3906 qum
556 3845 714 3898 ucnmodum
723 3839 824 3908 posent
835 3842 978 3906 desiccant,
992 3843 1035 3894 scd
1050 3844 1223 3906 iustrumenta„

193 3923 214 3962 ιι
232 3926 249 3962 ιι
268 3927 276 3964 ι
1097 3930 1100 3936 ·
1123 3945 1126 3952 .
