2948 4676
297 409 317 454 α
501 389 515 454 ,⁴
568 399 993 462 ..nasaennunnrrs

326 489 362 553 (a)
374 487 482 550 urinam,
491 491 549 538 rice
557 488 642 551 versa,
657 490 706 538 dici
717 491 793 551 possit
803 503 860 538 curn
870 490 999 552 plurimis,
1010 486 1146 552 munitm
1157 503 1188 541 ex
1199 496 1321 545 recentio-

295 567 371 625 ribus,
381 564 533 612 sacramenta
543 564 657 612 rivorum
668 565 772 624 gratiam
782 564 887 624 primam
896 565 1040 612 secundario
1051 557 1078 614 ei
1086 577 1132 626 per
1141 566 1253 616 accidens
1264 582 1321 629 pro-

294 636 383 682 ducere
391 645 398 692 ς
407 629 442 682 ita
450 636 487 692 ut,
496 647 520 682 v.
531 646 564 692 g..
574 629 810 682 invalidenonattde
820 634 955 693 absolutus,
966 647 1011 694 per
1020 647 1113 682 sacram
1124 638 1321 686 communionem

292 703 449 764 iustificetur.
464 701 513 750 Sed
523 703 712 762 temnamus
721 716 786 752 nunc
801 699 853 751 tere
862 705 1000 756 communis
1009 705 1142 766 sententia,
1157 719 1203 754 nec
1215 708 1322 767 scriptu·

292 773 336 831 ris,
347 785 394 818 nec
404 773 546 831 traditione,
557 773 578 819 si
592 773 732 820 Extremam
742 773 888 820 unctionem
899 774 1023 836 excipias,
1032 774 1185 822 sufficienter
1195 775 1320 837 innititur,

293 836 453 901 suencuam.
463 841 528 890 certa
540 841 617 906 tradi,
628 855 657 890 ae
667 838 770 902 proriae
782 843 835 889 sine
846 843 956 904 periculo
967 844 1080 892 fidelihus
1091 845 1182 904 exponi
1190 845 1279 904 possit.

324 911 438 962 Attamen
450 911 602 959 sacramenta
616 911 729 959 vivorum
739 911 845 958 venialia
856 912 999 970 remittunt,
1011 912 1032 960 si
1043 924 1092 959 non
1102 907 1260 974 immediate,
1271 914 1325 964 sat-2

296 977 345 1026 tem
355 979 518 1041 impertiendo
528 980 618 1042 gratias
627 980 658 1028 ad
668 979 842 1028 sorbitionem
852 981 1000 1030 excitantes.

334 1151 367 1224 t.
385 1146 583 1240 Baptismus,
601 1145 806 1215 Confirmatio
825 1161 855 1213 ct
874 1145 966 1215 Ordo
987 1146 1196 1219 characterem
1212 1147 1320 1244 impri-

290 1257 381 1309 munt
395 1240 610 1325 indelebilem,
621 1242 704 1310 uncle
717 1241 824 1310 iterari
836 1258 1002 1334 nequeunt.

750 1365 871 1382 m

337 1439 366 1502 5.
382 1433 562 1526 Baptismus
582 1433 664 1502 male
678 1436 857 1527 susceptus,
873 1433 1089 1504 accedentibus
1103 1425 1317 1528 dispositioni-

293 1529 370 1613 bus,
382 1529 542 1599 reviviscit
550 1531 612 1616 (a).
633 1553 635 1560 ⁴

324 1721 360 1786 (o)
370 1724 421 1772 Non
430 1725 502 1784 pauet
511 1719 595 1772 contri
602 1723 680 1773 multo
688 1691 786 1784 plures,
795 1723 862 1772 idcnr
870 1724 957 1772 dicunt
967 1723 997 1772 de
1008 1723 1205 1773 confirmatione.
1214 1721 1317 1784 Ordine,

269 1841 272 1851 ,
292 1788 444 1846 mauronto
455 1795 481 1842 et
491 1791 606 1844 Extremi
615 1794 734 1842 tinctione
743 1795 770 1842 in
778 1791 865 1842 eidem
876 1795 1031 1856 egritudine.

935 1959 1317 1977 „w

692 2049 925 2149 onrnnrr.
1017 2048 1020 2056 ’

305 2275 337 2309 ΙΙ
348 2276 480 2319 mmmm
488 2276 653 2312 sensuum
662 2277 687 2310 tlt
696 2277 874 2318 Cfflss'liCssOttE,
884 2275 1099 2314 ΛΒΙῙΝΒΤΙΑΜΙΙ
1108 2277 1139 2310 ΒΤ
1148 2274 1305 2312 {Kisamon

691 2345 907 2380 ascensurorum.

695 2481 866 2545 SECTIO
889 2483 914 2544 l.

313 2701 316 2711 .
357 2654 1249 2721 resonantis,etc.,quaespeemsaurpsummatopusnormannia
1271 2671 1279 2679 ·

296 2898 315 2970 ἡ
332 2803 419 2968 ffllc
427 2806 515 2902 operi
529 2804 743 2876 sacramentali
758 2801 932 2876 essentialia
945 2819 1035 2888 sunt,
1053 2803 1105 2873 vcl
1120 2803 1220 2875 sotum
1237 2801 1317 2873 acci·

313 2916 385 2968 enta
398 2925 439 2970 ra.

686 3066 884 3117 Anemutus
898 3068 918 3114 1.

448 3217 484 3268 bc
494 3215 633 3279 servandis,
643 3218 690 3267 etc.
699 3251 707 3280 ,
716 3218 784 3282 operi
795 3217 965 3266 sacramentali
976 3203 1156 3264 essentialibus.

330 3367 362 3440 6.
384 3367 488 3440 Orant
503 3369 719 3441 sacramentali
730 3371 893 3438 intrinscc'c
910 3365 1083 3437 essentialia
1098 3381 1169 3436 sunt
1181 3365 1315 3436 materia

289 3482 319 3538 ct
332 3467 450 3558 forma,
460 3493 578 3536 necnon
591 3466 717 3534 moralis
740 3463 901 3556 utriusque
919 3463 992 3531 unio
1006 3516 1014 3545 ‚
1028 3477 1146 3530 naturae
1166 3463 1314 3558 cujusque

277 3555 470 3633 ¹sacramenti
481 3561 681 3643 conveniens,
696 3560 736 3627 dc
750 3559 811 3653 qul
820 3557 898 3625 nihil
912 3583 993 3626 nunc
1007 3555 1187 3627 dicendum.

329 3659 423 3728 Uud'e
437 3657 576 3729 minister
589 3655 643 3752 qui
653 3679 748 3724 unum
760 3680 797 3722 cx
807 3649 857 3722 his
867 3653 966 3721 trihus
977 3653 1108 3733 omittit;
1122 3670 1175 3724 aut
1184 3653 1328 3724 materiai.

287 3755 382 3824 utitur
396 3751 586 3822 sorm'tvein
600 3749 811 3820 essentialibus
829 3753 963 3836 mutata,
978 3776 1041 3820 non
1063 3750 1184 3819 conticit
1202 3773 1313 3820 sacra·

290 3865 438 3919 mentum.
1010 3903 1014 3907 .

330 3943 373 4012 Et
383 3942 410 4009 si
423 3968 460 4008 cx
474 3940 564 4033 culpi
575 3941 628 4010 sul
642 3940 746 4026 gravi,
763 3942 934 4014 mortaliter
948 3959 1056 4032 peccat
1067 3944 1173 4012 contri
1188 3939 1311 4032 religio·
1325 3957 1327 3962 ·
