<?xml version="1.0" encoding="UTF-8"?>
<!DOCTYPE html PUBLIC "-//W3C//DTD XHTML 1.0 Transitional//EN"
    "http://www.w3.org/TR/xhtml1/DTD/xhtml1-transitional.dtd">
<html xmlns="http://www.w3.org/1999/xhtml" xml:lang="en" lang="en">
 <head>
  <title>
</title>
<meta http-equiv="Content-Type" content="text/html;charset=utf-8" />
  <meta name='ocr-system' content='tesseract 3.04.00' />
  <meta name='ocr-capabilities' content='ocr_page ocr_carea ocr_par ocr_line ocrx_word'/>
</head>
<body>
  <div class='ocr_page' id='page_1' title='image "./theologiapracti00verngoog_0235.png"; bbox 0 0 2984 4666; ppageno 0'>
   <div class='ocr_carea' id='block_1_1' title="bbox 215 331 1370 2626">
    <p class='ocr_par' dir='ltr' id='par_1_1' title="bbox 284 331 1353 726">
     <span class='ocr_line' id='line_1_1' title="bbox 290 331 1070 434; baseline 0.001 -28"><span class='ocrx_word' id='word_1_1' title='bbox 290 331 360 406; x_wconf 81' lang='lat'><strong>216</strong></span> <span class='ocrx_word' id='word_1_2' title='bbox 529 427 532 434; x_wconf 16' lang='lat' dir='ltr'>y</span> <span class='ocrx_word' id='word_1_3' title='bbox 566 355 619 406; x_wconf 81' lang='lat' dir='ltr'><strong>un</strong></span> <span class='ocrx_word' id='word_1_4' title='bbox 642 354 777 408; x_wconf 79' lang='lat' dir='ltr'><strong>raino</strong></span> <span class='ocrx_word' id='word_1_5' title='bbox 800 353 1070 409; x_wconf 66' lang='lat' dir='ltr'><strong>inuenero.</strong></span> 
     </span>
     <span class='ocr_line' id='line_1_2' title="bbox 287 440 1315 538; baseline 0.008 -30"><span class='ocrx_word' id='word_1_6' title='bbox 287 440 449 535; x_wconf 78' lang='lat' dir='ltr'><strong>profutdra</strong></span> <span class='ocrx_word' id='word_1_7' title='bbox 463 470 471 520; x_wconf 78' lang='lat' dir='ltr'><strong>t</strong></span> <span class='ocrx_word' id='word_1_8' title='bbox 495 440 544 508; x_wconf 89' lang='lat' dir='ltr'><strong>vel</strong></span> <span class='ocrx_word' id='word_1_9' title='bbox 558 441 595 508; x_wconf 73' lang='lat' dir='ltr'><strong>si¹</strong></span> <span class='ocrx_word' id='word_1_10' title='bbox 605 441 774 536; x_wconf 85' lang='lat' dir='ltr'><strong>corripiens</strong></span> <span class='ocrx_word' id='word_1_11' title='bbox 788 443 828 510; x_wconf 84' lang='lat' dir='ltr'><strong>sit</strong></span> <span class='ocrx_word' id='word_1_12' title='bbox 842 446 952 537; x_wconf 80' lang='lat' dir='ltr'><strong>pardm</strong></span> <span class='ocrx_word' id='word_1_13' title='bbox 966 443 1115 525; x_wconf 83' lang='lat' dir='ltr'><strong>idonnrs,</strong></span> <span class='ocrx_word' id='word_1_14' title='bbox 1141 444 1315 538; x_wconf 63' lang='lat' dir='ltr'><strong>praevidea-</strong></span> 
     </span>
     <span class='ocr_line' id='line_1_3' title="bbox 284 535 1353 647; baseline 0.008 -44"><span class='ocrx_word' id='word_1_15' title='bbox 284 550 398 627; x_wconf 88' lang='lat' dir='ltr'><strong>turquo</strong></span> <span class='ocrx_word' id='word_1_16' title='bbox 412 535 496 628; x_wconf 85' lang='lat' dir='ltr'><strong>qudd</strong></span> <span class='ocrx_word' id='word_1_17' title='bbox 511 536 661 604; x_wconf 88' lang='lat' dir='ltr'><strong>correctio</strong></span> <span class='ocrx_word' id='word_1_18' title='bbox 675 537 785 605; x_wconf 79' lang='lat' dir='ltr'><strong>melius</strong></span> <span class='ocrx_word' id='word_1_19' title='bbox 799 537 851 604; x_wconf 81' lang='lat' dir='ltr'><strong>fiet</strong></span> <span class='ocrx_word' id='word_1_20' title='bbox 865 535 1046 630; x_wconf 81' lang='lat' dir='ltr'><strong>puralium,</strong></span> <span class='ocrx_word' id='word_1_21' title='bbox 1071 537 1132 647; x_wconf 68' lang='lat' dir='ltr'><strong>ipsi</strong></span> <span class='ocrx_word' id='word_1_22' title='bbox 1147 539 1316 622; x_wconf 80' lang='lat' dir='ltr'><strong>deferenda</strong></span> <span class='ocrx_word' id='word_1_23' title='bbox 1351 589 1353 595; x_wconf 91' lang='lat'>·</span> 
     </span>
     <span class='ocr_line' id='line_1_4' title="bbox 286 630 1126 726; baseline 0.002 -28"><span class='ocrx_word' id='word_1_24' title='bbox 286 645 349 711; x_wconf 85' lang='lat' dir='ltr'><strong>est,</strong></span> <span class='ocrx_word' id='word_1_25' title='bbox 367 655 429 696; x_wconf 90' lang='lat' dir='ltr'><strong>non</strong></span> <span class='ocrx_word' id='word_1_26' title='bbox 442 645 477 726; x_wconf 80' lang='lat' dir='ltr'><strong>ut</strong></span> <span class='ocrx_word' id='word_1_27' title='bbox 490 630 604 720; x_wconf 83' lang='lat' dir='ltr'><strong>judici,</strong></span> <span class='ocrx_word' id='word_1_28' title='bbox 622 631 648 698; x_wconf 92' lang='lat' dir='ltr'><strong>si</strong></span> <span class='ocrx_word' id='word_1_29' title='bbox 663 631 803 726; x_wconf 85' lang='lat' dir='ltr'><strong>superior</strong></span> <span class='ocrx_word' id='word_1_30' title='bbox 817 633 871 714; x_wconf 85' lang='lat' dir='ltr'><strong>sit,</strong></span> <span class='ocrx_word' id='word_1_31' title='bbox 890 634 946 700; x_wconf 86' lang='lat' dir='ltr'><strong>sed</strong></span> <span class='ocrx_word' id='word_1_32' title='bbox 956 641 994 709; x_wconf 67' lang='lat' dir='ltr'><strong>&#39;ui</strong></span> <span class='ocrx_word' id='word_1_33' title='bbox 1008 647 1103 726; x_wconf 83' lang='lat' dir='ltr'><strong>patrr.</strong></span> <span class='ocrx_word' id='word_1_34' title='bbox 1125 655 1126 658; x_wconf 72' lang='grc'>’</span> 
     </span>
    </p>

    <p class='ocr_par' dir='ltr' id='par_1_2' title="bbox 284 727 1310 915">
     <span class='ocr_line' id='line_1_5' title="bbox 328 727 1310 824; baseline 0.009 -33"><span class='ocrx_word' id='word_1_35' title='bbox 328 730 360 791; x_wconf 82' lang='lat'><strong>2⁰</strong></span> <span class='ocrx_word' id='word_1_36' title='bbox 377 730 495 793; x_wconf 83' lang='lat' dir='ltr'><strong>Cordm</strong></span> <span class='ocrx_word' id='word_1_37' title='bbox 508 749 571 794; x_wconf 88' lang='lat' dir='ltr'><strong>uno</strong></span> <span class='ocrx_word' id='word_1_38' title='bbox 586 727 637 794; x_wconf 82' lang='lat' dir='ltr'><strong>uel</strong></span> <span class='ocrx_word' id='word_1_39' title='bbox 645 728 781 805; x_wconf 84' lang='lat' dir='ltr'><strong>duodus,</strong></span> <span class='ocrx_word' id='word_1_40' title='bbox 797 727 847 794; x_wconf 86' lang='lat' dir='ltr'><strong>vel</strong></span> <span class='ocrx_word' id='word_1_41' title='bbox 861 732 966 796; x_wconf 79' lang='lat' dir='ltr'><strong>cor&#39;am</strong></span> <span class='ocrx_word' id='word_1_42' title='bbox 980 729 1140 822; x_wconf 79' lang='lat' dir='ltr'><strong>superiore</strong></span> <span class='ocrx_word' id='word_1_43' title='bbox 1154 745 1188 798; x_wconf 87' lang='lat' dir='ltr'><strong>ut</strong></span> <span class='ocrx_word' id='word_1_44' title='bbox 1202 746 1310 824; x_wconf 83' lang='lat' dir='ltr'><strong>patre:</strong></span> 
     </span>
     <span class='ocr_line' id='line_1_6' title="bbox 284 819 1309 915; baseline 0.007 -26"><span class='ocrx_word' id='word_1_45' title='bbox 284 819 311 889; x_wconf 83' lang='lat' dir='ltr'><strong>si</strong></span> <span class='ocrx_word' id='word_1_46' title='bbox 324 821 471 886; x_wconf 82' lang='lat' dir='ltr'><strong>nir&#39;nirdm</strong></span> <span class='ocrx_word' id='word_1_47' title='bbox 484 819 671 889; x_wconf 76' lang='lat' dir='ltr'><strong>infructuose</strong></span> <span class='ocrx_word' id='word_1_48' title='bbox 685 821 801 915; x_wconf 82' lang='lat' dir='ltr'><strong>pluries</strong></span> <span class='ocrx_word' id='word_1_49' title='bbox 812 821 952 890; x_wconf 84' lang='lat' dir='ltr'><strong>adhibita</strong></span> <span class='ocrx_word' id='word_1_50' title='bbox 961 823 1001 891; x_wconf 90' lang='lat' dir='ltr'><strong>sit</strong></span> <span class='ocrx_word' id='word_1_51' title='bbox 1014 839 1134 891; x_wconf 84' lang='lat' dir='ltr'><strong>secreta</strong></span> <span class='ocrx_word' id='word_1_52' title='bbox 1145 827 1309 900; x_wconf 85' lang='lat' dir='ltr'><strong>correctio.</strong></span> 
     </span>
    </p>

    <p class='ocr_par' dir='ltr' id='par_1_3' title="bbox 281 915 1311 1188">
     <span class='ocr_line' id='line_1_7' title="bbox 326 915 1311 1008; baseline 0.006 -25"><span class='ocrx_word' id='word_1_53' title='bbox 326 915 517 995; x_wconf 54' lang='lat' dir='ltr'><strong>toreutice,</strong></span> <span class='ocrx_word' id='word_1_54' title='bbox 539 941 595 986; x_wconf 86' lang='lat' dir='ltr'><strong>seu</strong></span> <span class='ocrx_word' id='word_1_55' title='bbox 611 942 668 1008; x_wconf 84' lang='lat' dir='ltr'><strong>per</strong></span> <span class='ocrx_word' id='word_1_56' title='bbox 688 917 983 1002; x_wconf 86' lang='lat' dir='ltr'><strong>denunciationem(</strong></span> <span class='ocrx_word' id='word_1_57' title='bbox 1001 917 1052 985; x_wconf 86' lang='lat' dir='ltr'><strong>dic</strong></span> <span class='ocrx_word' id='word_1_58' title='bbox 1069 919 1218 987; x_wconf 64' lang='lat' dir='ltr'><strong>nouerim</strong></span> <span class='ocrx_word' id='word_1_59' title='bbox 1231 924 1263 1007; x_wconf 84' lang='grc'><strong>),</strong></span> <span class='ocrx_word' id='word_1_60' title='bbox 1284 923 1311 991; x_wconf 91' lang='lat' dir='ltr'><strong>si</strong></span> 
     </span>
     <span class='ocr_line' id='line_1_8' title="bbox 281 1005 1311 1110; baseline 0.006 -32"><span class='ocrx_word' id='word_1_61' title='bbox 281 1005 389 1081; x_wconf 63' lang='lat' dir='ltr'><strong>cor&#39;dm</strong></span> <span class='ocrx_word' id='word_1_62' title='bbox 405 1037 466 1078; x_wconf 90' lang='lat' dir='ltr'><strong>uno</strong></span> <span class='ocrx_word' id='word_1_63' title='bbox 481 1027 533 1078; x_wconf 87' lang='lat' dir='ltr'><strong>aut</strong></span> <span class='ocrx_word' id='word_1_64' title='bbox 551 1011 689 1094; x_wconf 87' lang='lat' dir='ltr'><strong>duobus,</strong></span> <span class='ocrx_word' id='word_1_65' title='bbox 710 1011 760 1078; x_wconf 88' lang='lat' dir='ltr'><strong>vel</strong></span> <span class='ocrx_word' id='word_1_66' title='bbox 776 1017 880 1080; x_wconf 75' lang='lat' dir='ltr'><strong>coriam</strong></span> <span class='ocrx_word' id='word_1_67' title='bbox 893 1013 1037 1106; x_wconf 80' lang='lat' dir='ltr'><strong>piaelato‚</strong></span> <span class='ocrx_word' id='word_1_68' title='bbox 1052 1030 1086 1082; x_wconf 86' lang='lat' dir='ltr'><strong>ut</strong></span> <span class='ocrx_word' id='word_1_69' title='bbox 1099 1031 1189 1110; x_wconf 86' lang='lat' dir='ltr'><strong>patre</strong></span> <span class='ocrx_word' id='word_1_70' title='bbox 1209 1019 1311 1086; x_wconf 81' lang='lat' dir='ltr'><strong>consi-</strong></span> 
     </span>
     <span class='ocr_line' id='line_1_9' title="bbox 281 1105 851 1188; baseline 0.004 -15"><span class='ocrx_word' id='word_1_71' title='bbox 281 1105 408 1188; x_wconf 80' lang='lat' dir='ltr'><strong>derato,</strong></span> <span class='ocrx_word' id='word_1_72' title='bbox 425 1107 579 1175; x_wconf 79' lang='lat' dir='ltr'><strong>incassum</strong></span> <span class='ocrx_word' id='word_1_73' title='bbox 592 1106 687 1174; x_wconf 83' lang='lat' dir='ltr'><strong>fuerit</strong></span> <span class='ocrx_word' id='word_1_74' title='bbox 700 1105 851 1175; x_wconf 84' lang='lat' dir='ltr'><strong>adhibita.</strong></span> 
     </span>
    </p>

    <p class='ocr_par' dir='ltr' id='par_1_4' title="bbox 215 1200 1367 1388">
     <span class='ocr_line' id='line_1_10' title="bbox 323 1200 1309 1298; baseline 0.01 -31"><span class='ocrx_word' id='word_1_75' title='bbox 323 1201 389 1268; x_wconf 81' lang='lat' dir='ltr'><strong>sed</strong></span> <span class='ocrx_word' id='word_1_76' title='bbox 403 1201 430 1268; x_wconf 90' lang='lat' dir='ltr'><strong>si</strong></span> <span class='ocrx_word' id='word_1_77' title='bbox 445 1201 566 1292; x_wconf 76' lang='lat' dir='ltr'><strong>crimen</strong></span> <span class='ocrx_word' id='word_1_78' title='bbox 575 1200 632 1282; x_wconf 76' lang='lat' dir='ltr'><strong>sii,</strong></span> <span class='ocrx_word' id='word_1_79' title='bbox 647 1215 699 1267; x_wconf 83' lang='lat' dir='ltr'><strong>aut</strong></span> <span class='ocrx_word' id='word_1_80' title='bbox 712 1223 785 1266; x_wconf 84' lang='lat' dir='ltr'><strong>mox</strong></span> <span class='ocrx_word' id='word_1_81' title='bbox 796 1200 936 1269; x_wconf 77' lang='lat' dir='ltr'><strong>futurmn</strong></span> <span class='ocrx_word' id='word_1_82' title='bbox 949 1202 989 1270; x_wconf 87' lang='lat' dir='ltr'><strong>sit</strong></span> <span class='ocrx_word' id='word_1_83' title='bbox 999 1203 1174 1298; x_wconf 83' lang='lat' dir='ltr'><strong>publicum,</strong></span> <span class='ocrx_word' id='word_1_84' title='bbox 1189 1222 1309 1278; x_wconf 82' lang='lat' dir='ltr'><strong>secreta</strong></span> 
     </span>
     <span class='ocr_line' id='line_1_11' title="bbox 215 1290 1367 1388; baseline 0.001 -24"><span class='ocrx_word' id='word_1_85' title='bbox 215 1299 220 1307; x_wconf 76' lang='grc'><strong>’</strong></span> <span class='ocrx_word' id='word_1_86' title='bbox 280 1295 431 1367; x_wconf 85' lang='lat' dir='ltr'><strong>correctio</strong></span> <span class='ocrx_word' id='word_1_87' title='bbox 443 1290 506 1363; x_wconf 84' lang='lat' dir='ltr'><strong>non</strong></span> <span class='ocrx_word' id='word_1_88' title='bbox 520 1311 565 1363; x_wconf 86' lang='lat' dir='ltr'><strong>est</strong></span> <span class='ocrx_word' id='word_1_89' title='bbox 579 1295 752 1368; x_wconf 75' lang='lat' dir='ltr'><strong>necessario</strong></span> <span class='ocrx_word' id='word_1_90' title='bbox 767 1296 995 1388; x_wconf 84' lang='lat' dir='ltr'><strong>praemittenda.</strong></span> <span class='ocrx_word' id='word_1_91' title='bbox 1361 1307 1367 1315; x_wconf 83' lang='grc'><strong>’</strong></span> 
     </span>
    </p>

    <p class='ocr_par' dir='ltr' id='par_1_5' title="bbox 276 1389 1370 1958">
     <span class='ocr_line' id='line_1_12' title="bbox 320 1389 1306 1489; baseline 0.006 -31"><span class='ocrx_word' id='word_1_92' title='bbox 320 1390 406 1473; x_wconf 76' lang='lat' dir='ltr'><strong>luni,</strong></span> <span class='ocrx_word' id='word_1_93' title='bbox 424 1391 451 1459; x_wconf 90' lang='lat' dir='ltr'><strong>si</strong></span> <span class='ocrx_word' id='word_1_94' title='bbox 464 1389 618 1457; x_wconf 89' lang='lat' dir='ltr'><strong>occultum</strong></span> <span class='ocrx_word' id='word_1_95' title='bbox 634 1415 780 1473; x_wconf 87' lang='lat' dir='ltr'><strong>maneus,</strong></span> <span class='ocrx_word' id='word_1_96' title='bbox 797 1417 954 1471; x_wconf 81' lang='lat' dir='ltr'><strong>cessurum</strong></span> <span class='ocrx_word' id='word_1_97' title='bbox 968 1393 1007 1460; x_wconf 86' lang='lat' dir='ltr'><strong>sit</strong></span> <span class='ocrx_word' id='word_1_98' title='bbox 1022 1391 1054 1460; x_wconf 90' lang='lat' dir='ltr'><strong>iu</strong></span> <span class='ocrx_word' id='word_1_99' title='bbox 1066 1417 1194 1484; x_wconf 80' lang='lat' dir='ltr'><strong>gravem</strong></span> <span class='ocrx_word' id='word_1_100' title='bbox 1208 1395 1306 1489; x_wconf 89' lang='lat' dir='ltr'><strong>reipu-</strong></span> 
     </span>
     <span class='ocr_line' id='line_1_13' title="bbox 278 1484 1306 1582; baseline 0.006 -28"><span class='ocrx_word' id='word_1_101' title='bbox 278 1485 385 1568; x_wconf 82' lang='lat' dir='ltr'><strong>hiieae,</strong></span> <span class='ocrx_word' id='word_1_102' title='bbox 403 1484 597 1579; x_wconf 88' lang='lat' dir='ltr'><strong>corripientis</strong></span> <span class='ocrx_word' id='word_1_103' title='bbox 616 1501 668 1552; x_wconf 91' lang='lat' dir='ltr'><strong>aut</strong></span> <span class='ocrx_word' id='word_1_104' title='bbox 689 1485 822 1552; x_wconf 88' lang='lat' dir='ltr'><strong>aliorum</strong></span> <span class='ocrx_word' id='word_1_105' title='bbox 836 1487 1024 1582; x_wconf 84' lang='lat' dir='ltr'><strong>perniciem,</strong></span> <span class='ocrx_word' id='word_1_106' title='bbox 1038 1503 1069 1557; x_wconf 83' lang='lat' dir='ltr'><strong>et</strong></span> <span class='ocrx_word' id='word_1_107' title='bbox 1082 1489 1254 1582; x_wconf 78' lang='lat' dir='ltr'><strong>perieulum</strong></span> <span class='ocrx_word' id='word_1_108' title='bbox 1266 1491 1306 1560; x_wconf 81' lang='lat' dir='ltr'><strong>sit</strong></span> 
     </span>
     <span class='ocr_line' id='line_1_14' title="bbox 277 1579 1307 1672; baseline 0.007 -24"><span class='ocrx_word' id='word_1_109' title='bbox 277 1580 311 1648; x_wconf 88' lang='lat' dir='ltr'><strong>in</strong></span> <span class='ocrx_word' id='word_1_110' title='bbox 324 1583 430 1662; x_wconf 64' lang='lat' dir='ltr'><strong>mord,</strong></span> <span class='ocrx_word' id='word_1_111' title='bbox 453 1580 629 1672; x_wconf 84' lang='lat' dir='ltr'><strong>inutilisque</strong></span> <span class='ocrx_word' id='word_1_112' title='bbox 648 1579 856 1671; x_wconf 63' lang='lat' dir='ltr'><strong>praevideatur</strong></span> <span class='ocrx_word' id='word_1_113' title='bbox 870 1583 1020 1650; x_wconf 87' lang='lat' dir='ltr'><strong>correctio</strong></span> <span class='ocrx_word' id='word_1_114' title='bbox 1035 1589 1170 1669; x_wconf 75' lang='lat' dir='ltr'><strong>secretd5</strong></span> <span class='ocrx_word' id='word_1_115' title='bbox 1193 1585 1243 1656; x_wconf 86' lang='lat' dir='ltr'><strong>vel</strong></span> <span class='ocrx_word' id='word_1_116' title='bbox 1258 1613 1307 1655; x_wconf 92' lang='lat' dir='ltr'><strong>co-</strong></span> 
     </span>
     <span class='ocr_line' id='line_1_15' title="bbox 278 1675 1370 1770; baseline 0.01 -29"><span class='ocrx_word' id='word_1_117' title='bbox 278 1680 347 1742; x_wconf 78' lang='lat' dir='ltr'><strong>rdm</strong></span> <span class='ocrx_word' id='word_1_118' title='bbox 375 1677 510 1757; x_wconf 89' lang='lat' dir='ltr'><strong>duobus,</strong></span> <span class='ocrx_word' id='word_1_119' title='bbox 526 1690 579 1741; x_wconf 84' lang='lat' dir='ltr'><strong>aut</strong></span> <span class='ocrx_word' id='word_1_120' title='bbox 592 1681 698 1742; x_wconf 74' lang='lat' dir='ltr'><strong>cora&#39;un</strong></span> <span class='ocrx_word' id='word_1_121' title='bbox 723 1675 873 1770; x_wconf 79' lang='lat' dir='ltr'><strong>praelato,</strong></span> <span class='ocrx_word' id='word_1_122' title='bbox 900 1693 934 1744; x_wconf 94' lang='lat' dir='ltr'><strong>ut</strong></span> <span class='ocrx_word' id='word_1_123' title='bbox 946 1693 1054 1769; x_wconf 79' lang='lat' dir='ltr'><strong>patro,</strong></span> <span class='ocrx_word' id='word_1_124' title='bbox 1083 1679 1181 1759; x_wconf 83' lang='lat' dir='ltr'><strong>facta;</strong></span> <span class='ocrx_word' id='word_1_125' title='bbox 1201 1681 1251 1750; x_wconf 80' lang='lat' dir='ltr'><strong>vel</strong></span> <span class='ocrx_word' id='word_1_126' title='bbox 1278 1683 1306 1751; x_wconf 87' lang='lat' dir='ltr'><strong>si</strong></span> <span class='ocrx_word' id='word_1_127' title='bbox 1369 1767 1370 1770; x_wconf 8' lang='grc' dir='ltr'><strong>Ἴ</strong></span> 
     </span>
     <span class='ocr_line' id='line_1_16' title="bbox 278 1770 1306 1870; baseline 0.01 -34"><span class='ocrx_word' id='word_1_128' title='bbox 278 1770 488 1863; x_wconf 85' lang='lat' dir='ltr'><strong>corripiendus</strong></span> <span class='ocrx_word' id='word_1_129' title='bbox 516 1771 642 1838; x_wconf 87' lang='lat' dir='ltr'><strong>cesserit</strong></span> <span class='ocrx_word' id='word_1_130' title='bbox 669 1771 738 1860; x_wconf 85' lang='lat' dir='ltr'><strong>jure</strong></span> <span class='ocrx_word' id='word_1_131' title='bbox 757 1798 828 1850; x_wconf 88' lang='lat' dir='ltr'><strong>suo,</strong></span> <span class='ocrx_word' id='word_1_132' title='bbox 844 1786 878 1836; x_wconf 86' lang='lat' dir='ltr'><strong>ui</strong></span> <span class='ocrx_word' id='word_1_133' title='bbox 898 1771 931 1838; x_wconf 84' lang='lat' dir='ltr'><strong>in</strong></span> <span class='ocrx_word' id='word_1_134' title='bbox 951 1773 1306 1870; x_wconf 84' lang='lat' dir='ltr'><strong>communitatibus‘qui-</strong></span> 
     </span>
     <span class='ocr_line' id='line_1_17' title="bbox 276 1863 1260 1958; baseline 0.005 -24"><span class='ocrx_word' id='word_1_135' title='bbox 276 1866 409 1935; x_wconf 85' lang='lat' dir='ltr'><strong>busdam</strong></span> <span class='ocrx_word' id='word_1_136' title='bbox 423 1867 576 1956; x_wconf 82' lang='lat' dir='ltr'>religiosis</span> <span class='ocrx_word' id='word_1_137' title='bbox 586 1920 594 1948; x_wconf 82' lang='lat'>‚</span> <span class='ocrx_word' id='word_1_138' title='bbox 604 1893 660 1934; x_wconf 70' lang='lat' dir='ltr'><strong>³res</strong></span> <span class='ocrx_word' id='word_1_139' title='bbox 672 1865 825 1958; x_wconf 74' lang='lat' dir='ltr'><strong>¹superiori</strong></span> <span class='ocrx_word' id='word_1_140' title='bbox 839 1871 944 1932; x_wconf 87' lang='lat' dir='ltr'><strong>statim</strong></span> <span class='ocrx_word' id='word_1_141' title='bbox 958 1882 1003 1934; x_wconf 89' lang='lat' dir='ltr'><strong>est</strong></span> <span class='ocrx_word' id='word_1_142' title='bbox 1017 1867 1185 1936; x_wconf 84' lang='lat' dir='ltr'><strong>deferenda</strong></span> <span class='ocrx_word' id='word_1_143' title='bbox 1200 1863 1260 1958; x_wconf 81' lang='lat' dir='ltr'><strong>(ci).</strong></span> 
     </span>
    </p>

    <p class='ocr_par' dir='ltr' id='par_1_6' title="bbox 265 1959 1304 2332">
     <span class='ocr_line' id='line_1_18' title="bbox 316 1959 1304 2056; baseline 0.004 -26"><span class='ocrx_word' id='word_1_144' title='bbox 316 1961 385 2031; x_wconf 83' lang='lat' dir='ltr'><strong>Ubi</strong></span> <span class='ocrx_word' id='word_1_145' title='bbox 398 1963 567 2047; x_wconf 78' lang='lat' dir='ltr'><strong>notandum</strong></span> <span class='ocrx_word' id='word_1_146' title='bbox 581 1963 665 2056; x_wconf 77' lang='lat' dir='ltr'><strong>quod</strong></span> <span class='ocrx_word' id='word_1_147' title='bbox 678 1961 705 2028; x_wconf 88' lang='lat' dir='ltr'><strong>si</strong></span> <span class='ocrx_word' id='word_1_148' title='bbox 719 1959 911 2028; x_wconf 78' lang='lat' dir='ltr'><strong>denunciatio</strong></span> <span class='ocrx_word' id='word_1_149' title='bbox 925 1959 1056 2052; x_wconf 67' lang='lat' dir='ltr'><strong>juridicia</strong></span> <span class='ocrx_word' id='word_1_150' title='bbox 1069 1961 1151 2030; x_wconf 81' lang='lat' dir='ltr'><strong>sacta</strong></span> <span class='ocrx_word' id='word_1_151' title='bbox 1163 1989 1226 2034; x_wconf 89' lang='lat' dir='ltr'><strong>nou</strong></span> <span class='ocrx_word' id='word_1_152' title='bbox 1237 1959 1304 2034; x_wconf 76' lang='lat' dir='ltr'><strong>suc·</strong></span> 
     </span>
     <span class='ocr_line' id='line_1_19' title="bbox 276 2055 1304 2154; baseline 0.006 -31"><span class='ocrx_word' id='word_1_153' title='bbox 276 2055 336 2142; x_wconf 80' lang='lat' dir='ltr'><strong>rii,</strong></span> <span class='ocrx_word' id='word_1_154' title='bbox 361 2058 502 2153; x_wconf 82' lang='lat' dir='ltr'><strong>superior</strong></span> <span class='ocrx_word' id='word_1_155' title='bbox 516 2063 623 2126; x_wconf 75' lang='lat' dir='ltr'><strong>contra</strong></span> <span class='ocrx_word' id='word_1_156' title='bbox 645 2082 751 2139; x_wconf 89' lang='lat' dir='ltr'><strong>reum,</strong></span> <span class='ocrx_word' id='word_1_157' title='bbox 767 2055 859 2125; x_wconf 85' lang='lat' dir='ltr'><strong>etiam</strong></span> <span class='ocrx_word' id='word_1_158' title='bbox 874 2081 929 2149; x_wconf 91' lang='lat' dir='ltr'><strong>per</strong></span> <span class='ocrx_word' id='word_1_159' title='bbox 954 2056 1177 2134; x_wconf 83' lang='lat' dir='ltr'><strong>correctionem</strong></span> <span class='ocrx_word' id='word_1_160' title='bbox 1197 2073 1304 2154; x_wconf 86' lang='lat' dir='ltr'><strong>pater-</strong></span> 
     </span>
     <span class='ocr_line' id='line_1_20' title="bbox 275 2151 1301 2248; baseline 0.003 -26"><span class='ocrx_word' id='word_1_161' title='bbox 275 2171 347 2223; x_wconf 85' lang='lat' dir='ltr'><strong>nam</strong></span> <span class='ocrx_word' id='word_1_162' title='bbox 361 2173 423 2223; x_wconf 70' lang='lat' dir='ltr'><strong>nou·</strong></span> <span class='ocrx_word' id='word_1_163' title='bbox 433 2156 645 2235; x_wconf 87' lang='lat' dir='ltr'><strong>emendatum,</strong></span> <span class='ocrx_word' id='word_1_164' title='bbox 664 2155 795 2247; x_wconf 83' lang='lat' dir='ltr'><strong>ueq‘ueat</strong></span> <span class='ocrx_word' id='word_1_165' title='bbox 809 2151 932 2246; x_wconf 68' lang='lat' dir='ltr'><strong>publici</strong></span> <span class='ocrx_word' id='word_1_166' title='bbox 947 2169 977 2220; x_wconf 84' lang='lat' dir='ltr'><strong>et</strong></span> <span class='ocrx_word' id='word_1_167' title='bbox 990 2153 1176 2242; x_wconf 82' lang='lat' dir='ltr'><strong>judicialiter</strong></span> <span class='ocrx_word' id='word_1_168' title='bbox 1197 2181 1301 2248; x_wconf 82' lang='lat' dir='ltr'><strong>agere,</strong></span> 
     </span>
     <span class='ocr_line' id='line_1_21' title="bbox 265 2246 1134 2332; baseline -0.001 -14"><span class='ocrx_word' id='word_1_169' title='bbox 265 2246 351 2318; x_wconf 46' lang='lat' dir='ltr'><strong>&#39;diem</strong></span> <span class='ocrx_word' id='word_1_170' title='bbox 365 2249 499 2332; x_wconf 82' lang='lat' dir='ltr'><strong>crimen,</strong></span> <span class='ocrx_word' id='word_1_171' title='bbox 517 2249 586 2316; x_wconf 87' lang='lat' dir='ltr'><strong>aliis</strong></span> <span class='ocrx_word' id='word_1_172' title='bbox 599 2273 661 2315; x_wconf 88' lang='lat' dir='ltr'><strong>uon</strong></span> <span class='ocrx_word' id='word_1_173' title='bbox 674 2247 837 2330; x_wconf 85' lang='lat' dir='ltr'><strong>nocivum,</strong></span> <span class='ocrx_word' id='word_1_174' title='bbox 853 2247 1006 2315; x_wconf 84' lang='lat' dir='ltr'><strong>occultum</strong></span> <span class='ocrx_word' id='word_1_175' title='bbox 1019 2265 1134 2318; x_wconf 84' lang='lat' dir='ltr'><strong>manet.</strong></span> 
     </span>
    </p>

    <p class='ocr_par' dir='ltr' id='par_1_7' title="bbox 260 2343 1302 2626">
     <span class='ocr_line' id='line_1_22' title="bbox 316 2343 1301 2436; baseline 0 -22"><span class='ocrx_word' id='word_1_176' title='bbox 316 2343 474 2418; x_wconf 83' lang='lat' dir='ltr'><strong>Caeterdm</strong></span> <span class='ocrx_word' id='word_1_177' title='bbox 488 2344 616 2414; x_wconf 86' lang='lat' dir='ltr'><strong>inferior</strong></span> <span class='ocrx_word' id='word_1_178' title='bbox 630 2343 836 2435; x_wconf 84' lang='lat' dir='ltr'><strong>increpandus</strong></span> <span class='ocrx_word' id='word_1_179' title='bbox 852 2358 898 2410; x_wconf 89' lang='lat' dir='ltr'><strong>est</strong></span> <span class='ocrx_word' id='word_1_180' title='bbox 911 2343 944 2410; x_wconf 91' lang='lat' dir='ltr'><strong>in</strong></span> <span class='ocrx_word' id='word_1_181' title='bbox 958 2343 1068 2436; x_wconf 87' lang='lat' dir='ltr'><strong>spiritu</strong></span> <span class='ocrx_word' id='word_1_182' title='bbox 1081 2343 1232 2426; x_wconf 78' lang='lat' dir='ltr'><strong>lenitatis3</strong></span> <span class='ocrx_word' id='word_1_183' title='bbox 1252 2370 1301 2414; x_wconf 82' lang='lat' dir='ltr'><strong>su·</strong></span> 
     </span>
     <span class='ocr_line' id='line_1_23' title="bbox 274 2435 1302 2537; baseline 0.004 -31"><span class='ocrx_word' id='word_1_184' title='bbox 274 2439 378 2537; x_wconf 89' lang='lat' dir='ltr'><strong>perior</strong></span> <span class='ocrx_word' id='word_1_185' title='bbox 392 2457 426 2508; x_wconf 86' lang='lat' dir='ltr'><strong>ui</strong></span> <span class='ocrx_word' id='word_1_186' title='bbox 438 2457 542 2536; x_wconf 80' lang='lat' dir='ltr'><strong>pater,</strong></span> <span class='ocrx_word' id='word_1_187' title='bbox 568 2455 600 2506; x_wconf 88' lang='lat' dir='ltr'><strong>et</strong></span> <span class='ocrx_word' id='word_1_188' title='bbox 613 2463 669 2529; x_wconf 90' lang='lat' dir='ltr'><strong>per</strong></span> <span class='ocrx_word' id='word_1_189' title='bbox 684 2435 778 2502; x_wconf 87' lang='lat' dir='ltr'><strong>alium</strong></span> <span class='ocrx_word' id='word_1_190' title='bbox 796 2436 823 2502; x_wconf 89' lang='lat' dir='ltr'><strong>si</strong></span> <span class='ocrx_word' id='word_1_191' title='bbox 845 2453 1041 2528; x_wconf 87' lang='lat' dir='ltr'><strong>correpturus</strong></span> <span class='ocrx_word' id='word_1_192' title='bbox 1050 2441 1096 2508; x_wconf 86' lang='lat' dir='ltr'><strong>&#39;sit</strong></span> <span class='ocrx_word' id='word_1_193' title='bbox 1112 2442 1250 2512; x_wconf 89' lang='lat' dir='ltr'><strong>muribus</strong></span> <span class='ocrx_word' id='word_1_194' title='bbox 1270 2454 1302 2516; x_wconf 81' lang='lat' dir='ltr'><strong>et</strong></span> 
     </span>
     <span class='ocr_line' id='line_1_24' title="bbox 260 2529 1028 2626; baseline 0 -24"><span class='ocrx_word' id='word_1_195' title='bbox 260 2530 549 2620; x_wconf 61' lang='lat' dir='ltr'><strong>=1conditiouevilis3</strong></span> <span class='ocrx_word' id='word_1_196' title='bbox 568 2531 694 2626; x_wconf 82' lang='lat' dir='ltr'><strong>aequalis</strong></span> <span class='ocrx_word' id='word_1_197' title='bbox 713 2545 747 2598; x_wconf 89' lang='lat' dir='ltr'><strong>ut</strong></span> <span class='ocrx_word' id='word_1_198' title='bbox 761 2529 876 2613; x_wconf 81' lang='lat' dir='ltr'><strong>frater,</strong></span> <span class='ocrx_word' id='word_1_199' title='bbox 898 2533 983 2617; x_wconf 73' lang='lat' dir='ltr'><strong>eto(</strong></span> <span class='ocrx_word' id='word_1_200' title='bbox 1001 2535 1028 2618; x_wconf 88' lang='lat'><strong>).</strong></span> 
     </span>
    </p>
   </div>
   <div class='ocr_carea' id='block_1_2' title="bbox 267 2713 1298 3178">
    <p class='ocr_par' dir='ltr' id='par_1_8' title="bbox 267 2713 1298 2922">
     <span class='ocr_line' id='line_1_25' title="bbox 269 2713 1298 2788; baseline 0 -15"><span class='ocrx_word' id='word_1_201' title='bbox 269 2713 271 2724; x_wconf 78' lang='grc'><em>’</em></span> <span class='ocrx_word' id='word_1_202' title='bbox 303 2723 340 2788; x_wconf 88' lang='lat' dir='ltr'><strong>(a(</strong></span> <span class='ocrx_word' id='word_1_203' title='bbox 351 2720 414 2772; x_wconf 74' lang='lat' dir='ltr'><strong>itari</strong></span> <span class='ocrx_word' id='word_1_204' title='bbox 429 2734 497 2771; x_wconf 85' lang='lat' dir='ltr'><strong>mora</strong></span> <span class='ocrx_word' id='word_1_205' title='bbox 511 2721 538 2768; x_wconf 89' lang='lat' dir='ltr'><strong>iu</strong></span> <span class='ocrx_word' id='word_1_206' title='bbox 551 2718 683 2768; x_wconf 80' lang='lat' dir='ltr'><strong>deierando</strong></span> <span class='ocrx_word' id='word_1_207' title='bbox 697 2732 747 2768; x_wconf 90' lang='lat' dir='ltr'><strong>non</strong></span> <span class='ocrx_word' id='word_1_208' title='bbox 761 2721 799 2769; x_wconf 84' lang='lat' dir='ltr'><strong>est</strong></span> <span class='ocrx_word' id='word_1_209' title='bbox 813 2719 966 2780; x_wconf 81' lang='lat' dir='ltr'><strong>peruiciosa3</strong></span> <span class='ocrx_word' id='word_1_210' title='bbox 977 2732 1035 2769; x_wconf 84' lang='lat' dir='ltr'><strong>nam</strong></span> <span class='ocrx_word' id='word_1_211' title='bbox 1045 2719 1167 2771; x_wconf 75' lang='lat' dir='ltr'><strong>ordinarii</strong></span> <span class='ocrx_word' id='word_1_212' title='bbox 1179 2724 1298 2773; x_wconf 82' lang='lat' dir='ltr'><strong>correctio</strong></span> 
     </span>
     <span class='ocr_line' id='line_1_26' title="bbox 267 2789 1298 2852; baseline 0.001 -10"><span class='ocrx_word' id='word_1_213' title='bbox 267 2796 366 2843; x_wconf 81' lang='lat' dir='ltr'><strong>-secrota</strong></span> <span class='ocrx_word' id='word_1_214' title='bbox 375 2794 505 2850; x_wconf 78' lang='lat' dir='ltr'><strong>cautiores,</strong></span> <span class='ocrx_word' id='word_1_215' title='bbox 516 2791 560 2838; x_wconf 84' lang='lat' dir='ltr'><strong>sod</strong></span> <span class='ocrx_word' id='word_1_216' title='bbox 572 2802 621 2838; x_wconf 89' lang='lat' dir='ltr'><strong>uon</strong></span> <span class='ocrx_word' id='word_1_217' title='bbox 631 2791 746 2838; x_wconf 82' lang='lat' dir='ltr'><strong>meliores</strong></span> <span class='ocrx_word' id='word_1_218' title='bbox 756 2789 855 2838; x_wconf 78' lang='lat' dir='ltr'><strong>officere</strong></span> <span class='ocrx_word' id='word_1_219' title='bbox 870 2791 933 2841; x_wconf 76' lang='lat' dir='ltr'><strong>solet</strong></span> <span class='ocrx_word' id='word_1_220' title='bbox 948 2793 1106 2852; x_wconf 82' lang='lat' dir='ltr'><strong>peccatores:</strong></span> <span class='ocrx_word' id='word_1_221' title='bbox 1122 2794 1148 2841; x_wconf 83' lang='lat' dir='ltr'><strong>ei</strong></span> <span class='ocrx_word' id='word_1_222' title='bbox 1161 2794 1229 2842; x_wconf 89' lang='lat' dir='ltr'><strong>idem</strong></span> <span class='ocrx_word' id='word_1_223' title='bbox 1245 2791 1298 2844; x_wconf 72' lang='lat' dir='ltr'><strong>iord</strong></span> 
     </span>
     <span class='ocr_line' id='line_1_27' title="bbox 271 2858 1205 2922; baseline -0.001 -12"><span class='ocrx_word' id='word_1_224' title='bbox 271 2863 404 2912; x_wconf 82' lang='lat' dir='ltr'><strong>dicendum</strong></span> <span class='ocrx_word' id='word_1_225' title='bbox 422 2861 453 2908; x_wconf 84' lang='lat' dir='ltr'><strong>de</strong></span> <span class='ocrx_word' id='word_1_226' title='bbox 467 2859 628 2920; x_wconf 77' lang='lat' dir='ltr'><strong>peccantibus</strong></span> <span class='ocrx_word' id='word_1_227' title='bbox 644 2870 676 2906; x_wconf 82' lang='lat' dir='ltr'><strong>ex</strong></span> <span class='ocrx_word' id='word_1_228' title='bbox 694 2859 795 2918; x_wconf 85' lang='lat' dir='ltr'><strong>habitu,</strong></span> <span class='ocrx_word' id='word_1_229' title='bbox 815 2858 973 2922; x_wconf 82' lang='lat' dir='ltr'><strong>contemptu,</strong></span> <span class='ocrx_word' id='word_1_230' title='bbox 992 2873 1049 2909; x_wconf 87' lang='lat' dir='ltr'><strong>cum</strong></span> <span class='ocrx_word' id='word_1_231' title='bbox 1060 2861 1205 2921; x_wconf 76' lang='lat' dir='ltr'><strong>pertinacia.</strong></span> 
     </span>
    </p>

    <p class='ocr_par' dir='ltr' id='par_1_9' title="bbox 270 2921 1296 3178">
     <span class='ocr_line' id='line_1_28' title="bbox 301 2921 1295 2992; baseline 0 -12"><span class='ocrx_word' id='word_1_232' title='bbox 301 2929 337 2992; x_wconf 81' lang='lat' dir='ltr'><strong>(b)</strong></span> <span class='ocrx_word' id='word_1_233' title='bbox 348 2929 470 2976; x_wconf 76' lang='lat' dir='ltr'><strong>eorrectio</strong></span> <span class='ocrx_word' id='word_1_234' title='bbox 480 2928 534 2976; x_wconf 86' lang='lat' dir='ltr'><strong>fleri</strong></span> <span class='ocrx_word' id='word_1_235' title='bbox 545 2928 626 2988; x_wconf 84' lang='lat' dir='ltr'><strong>potest</strong></span> <span class='ocrx_word' id='word_1_236' title='bbox 636 2939 685 2974; x_wconf 88' lang='lat' dir='ltr'><strong>non</strong></span> <span class='ocrx_word' id='word_1_237' title='bbox 695 2921 774 2973; x_wconf 85' lang='lat' dir='ltr'><strong>soidm</strong></span> <span class='ocrx_word' id='word_1_238' title='bbox 785 2928 876 2988; x_wconf 80' lang='lat' dir='ltr'><strong>verbis,</strong></span> <span class='ocrx_word' id='word_1_239' title='bbox 888 2929 932 2976; x_wconf 88' lang='lat' dir='ltr'><strong>sed</strong></span> <span class='ocrx_word' id='word_1_240' title='bbox 940 2931 969 2978; x_wconf 86' lang='lat' dir='ltr'><strong>ui</strong></span> <span class='ocrx_word' id='word_1_241' title='bbox 979 2925 1114 2990; x_wconf 80' lang='lat' dir='ltr'><strong>plurimiun</strong></span> <span class='ocrx_word' id='word_1_242' title='bbox 1123 2930 1208 2990; x_wconf 84' lang='lat' dir='ltr'><strong>iactis,</strong></span> <span class='ocrx_word' id='word_1_243' title='bbox 1219 2944 1244 2979; x_wconf 83' lang='lat' dir='ltr'><strong>v.</strong></span> <span class='ocrx_word' id='word_1_244' title='bbox 1255 2942 1295 2990; x_wconf 70' lang='lat'><strong>8„</strong></span> 
     </span>
     <span class='ocr_line' id='line_1_29' title="bbox 270 2993 1296 3062; baseline 0.004 -19"><span class='ocrx_word' id='word_1_245' title='bbox 270 2999 342 3047; x_wconf 83' lang='lat' dir='ltr'><strong>vultu</strong></span> <span class='ocrx_word' id='word_1_246' title='bbox 349 2997 424 3055; x_wconf 83' lang='lat' dir='ltr'><strong>tristi,</strong></span> <span class='ocrx_word' id='word_1_247' title='bbox 436 2996 526 3062; x_wconf 74' lang='lat' dir='ltr'><strong>adalia</strong></span> <span class='ocrx_word' id='word_1_248' title='bbox 540 2993 688 3043; x_wconf 87' lang='lat' dir='ltr'><strong>transeundo</strong></span> <span class='ocrx_word' id='word_1_249' title='bbox 700 2995 726 3044; x_wconf 86' lang='lat' dir='ltr'><strong>iu</strong></span> <span class='ocrx_word' id='word_1_250' title='bbox 743 2997 941 3060; x_wconf 82' lang='lat' dir='ltr'><strong>couversatione,</strong></span> <span class='ocrx_word' id='word_1_251' title='bbox 953 2999 1002 3050; x_wconf 82' lang='lat' dir='ltr'><strong>etc.</strong></span> <span class='ocrx_word' id='word_1_252' title='bbox 1013 2999 1060 3046; x_wconf 83' lang='lat' dir='ltr'><strong>Per</strong></span> <span class='ocrx_word' id='word_1_253' title='bbox 1070 2999 1123 3047; x_wconf 80' lang='lat' dir='ltr'><strong>hacc</strong></span> <span class='ocrx_word' id='word_1_254' title='bbox 1133 2999 1200 3047; x_wconf 82' lang='lat' dir='ltr'><strong>enim</strong></span> <span class='ocrx_word' id='word_1_255' title='bbox 1210 3009 1296 3047; x_wconf 87' lang='lat' dir='ltr'><strong>muno-</strong></span> 
     </span>
     <span class='ocr_line' id='line_1_30' title="bbox 270 3059 1058 3178; baseline -0.001 -65"><span class='ocrx_word' id='word_1_256' title='bbox 270 3069 311 3119; x_wconf 82' lang='lat' dir='ltr'><strong>tur</strong></span> <span class='ocrx_word' id='word_1_257' title='bbox 320 3065 435 3126; x_wconf 75' lang='lat' dir='ltr'><strong>peccatu</strong></span> <span class='ocrx_word' id='word_1_258' title='bbox 448 3077 474 3113; x_wconf 85' lang='lat' dir='ltr'><strong>se</strong></span> <span class='ocrx_word' id='word_1_259' title='bbox 486 3059 551 3112; x_wconf 76' lang='lat' dir='ltr'><strong>meld</strong></span> <span class='ocrx_word' id='word_1_260' title='bbox 562 3063 653 3135; x_wconf 80' lang='lat' dir='ltr'><strong>iacere.</strong></span> <span class='ocrx_word' id='word_1_261' title='bbox 729 3061 730 3068; x_wconf 77' lang='grc'>’</span> <span class='ocrx_word' id='word_1_262' title='bbox 1025 3123 1058 3178; x_wconf 65' lang='lat' dir='ltr'><strong>f‘</strong></span> 
     </span>
    </p>
   </div>
   <div class='ocr_carea' id='block_1_3' title="bbox 635 3232 949 3329">
    <p class='ocr_par' dir='ltr' id='par_1_10' title="bbox 635 3232 949 3329">
     <span class='ocr_line' id='line_1_31' title="bbox 635 3232 949 3329; baseline -0.003 -35"><span class='ocrx_word' id='word_1_263' title='bbox 635 3232 804 3300; x_wconf 81' lang='lat' dir='ltr'><strong>suono</strong></span> <span class='ocrx_word' id='word_1_264' title='bbox 826 3235 904 3329; x_wconf 72' lang='lat' dir='ltr'><strong>uc</strong></span> <span class='ocrx_word' id='word_1_265' title='bbox 946 3283 949 3293; x_wconf 88' lang='lat'><em>.</em></span> 
     </span>
    </p>
   </div>
   <div class='ocr_carea' id='block_1_4' title="bbox 506 3371 1075 3462">
    <p class='ocr_par' dir='ltr' id='par_1_11' title="bbox 506 3371 1075 3462">
     <span class='ocr_line' id='line_1_32' title="bbox 506 3371 1075 3462; baseline -0.009 -14"><span class='ocrx_word' id='word_1_266' title='bbox 506 3398 542 3448; x_wconf 78' lang='lat' dir='ltr'><strong>iio</strong></span> <span class='ocrx_word' id='word_1_267' title='bbox 553 3371 662 3462; x_wconf 70' lang='lat' dir='ltr'><strong>nunus</strong></span> <span class='ocrx_word' id='word_1_268' title='bbox 675 3400 782 3462; x_wconf 84' lang='lat' dir='ltr'><strong>proximi</strong></span> <span class='ocrx_word' id='word_1_269' title='bbox 793 3397 919 3448; x_wconf 78' lang='lat' dir='ltr'><strong>dilectioni</strong></span> <span class='ocrx_word' id='word_1_270' title='bbox 927 3396 1057 3460; x_wconf 79' lang='lat' dir='ltr'><strong>oppositis.</strong></span> <span class='ocrx_word' id='word_1_271' title='bbox 1072 3415 1075 3421; x_wconf 37' lang='grc' dir='ltr'><em>ν</em></span> 
     </span>
    </p>
   </div>
   <div class='ocr_carea' id='block_1_5' title="bbox 265 3547 1290 3751">
    <p class='ocr_par' dir='ltr' id='par_1_12' title="bbox 265 3547 1290 3751">
     <span class='ocr_line' id='line_1_33' title="bbox 306 3547 1290 3658; baseline -0.002 -26"><span class='ocrx_word' id='word_1_272' title='bbox 306 3559 420 3632; x_wconf 70' lang='lat' dir='ltr'><strong>Oritur</strong></span> <span class='ocrx_word' id='word_1_273' title='bbox 434 3587 504 3658; x_wconf 80' lang='lat' dir='ltr'><strong>quae</strong></span> <span class='ocrx_word' id='word_1_274' title='bbox 518 3579 589 3633; x_wconf 88' lang='lat' dir='ltr'><strong>suni</strong></span> <span class='ocrx_word' id='word_1_275' title='bbox 603 3565 710 3630; x_wconf 70' lang='lat' dir='ltr'><strong>contri</strong></span> <span class='ocrx_word' id='word_1_276' title='bbox 722 3559 900 3654; x_wconf 89' lang='lat' dir='ltr'><strong>proximum</strong></span> <span class='ocrx_word' id='word_1_277' title='bbox 912 3547 1009 3656; x_wconf 74' lang='lat' dir='ltr'><strong>ipsius</strong></span> <span class='ocrx_word' id='word_1_278' title='bbox 1027 3557 1184 3655; x_wconf 86' lang='lat' dir='ltr'><strong>dilectioni</strong></span> <span class='ocrx_word' id='word_1_279' title='bbox 1199 3584 1290 3656; x_wconf 86' lang='lat' dir='ltr'><strong>oppo-</strong></span> 
     </span>
     <span class='ocr_line' id='line_1_34' title="bbox 265 3653 896 3751; baseline -0.008 -22"><span class='ocrx_word' id='word_1_280' title='bbox 265 3673 390 3730; x_wconf 82' lang='lat' dir='ltr'><strong>nuntur.</strong></span> <span class='ocrx_word' id='word_1_281' title='bbox 409 3660 473 3731; x_wconf 89' lang='lat' dir='ltr'><strong>Sed</strong></span> <span class='ocrx_word' id='word_1_282' title='bbox 486 3659 539 3730; x_wconf 87' lang='lat' dir='ltr'><strong>hic</strong></span> <span class='ocrx_word' id='word_1_283' title='bbox 551 3658 652 3730; x_wconf 70' lang='lat' dir='ltr'><strong>solim</strong></span> <span class='ocrx_word' id='word_1_284' title='bbox 666 3653 896 3751; x_wconf 79' lang='lat' dir='ltr'><strong>depraeoipuie.</strong></span> 
     </span>
    </p>
   </div>
   <div class='ocr_carea' id='block_1_6' title="bbox 0 0 1496 4666">
    <p class='ocr_par' dir='ltr' id='par_1_13' title="bbox 0 0 1496 4666">
     <span class='ocr_line' id='line_1_35' title="bbox 0 0 1496 4666; baseline 0 7"><span class='ocrx_word' id='word_1_285' title='bbox 0 0 1496 4666; x_wconf 95' lang='lat' dir='ltr'><strong> </strong></span> 
     </span>
    </p>
   </div>
  </div>
 </body>
</html>
