2990 4672
303 325 371 400 rfio
470 336 474 342 '
570 419 575 425 .
660 341 957 402 odoaccarts.

339 424 424 500 Ciani
437 431 557 525 objecto
570 434 716 504 coincidit
729 437 828 529 firriso
851 435 924 504 eris.

338 535 372 596 2⁰
387 527 439 597 Ex
449 529 682 598 circumstantiis
697 463 922 612 essentialibus,
934 552 1003 622 quae
1012 526 1202 598 transferunt
1213 543 1317 600 actum

296 627 418 693 astato
440 618 658 694 indifferentiae
697 625 738 694 ad
764 642 877 693 statum
911 624 1080 708 moralem,
1105 641 1141 694 ut
1164 625 1314 709 intentio,

296 719 603 814 seufinisoperantis3
617 719 707 790 ethic
721 721 791 788 finis
802 736 904 817 ¹potest
918 721 1028 788 itidem
1037 719 1153 790 habere
1164 721 1316 792 rationem

296 813 421 904 objecti,
435 831 468 882 ut
482 815 508 882 si
519 815 710 909 eleemosyna
723 817 813 886 detur
824 842 862 885 ex
871 817 949 884 vana
958 814 1068 906 glorid.
1084 815 1135 884 De
1145 815 1205 886 hoc
1215 817 1315 886 solum

296 907 358 976 fine
368 907 420 976 hle
432 909 545 1002 agitur.

336 1005 498 1074 Moralitas
515 1005 710 1076 accidentalis
722 1003 805 1074 venit
819 1003 1105 1073 ex'circumstantiis
1122 1006 1319 1076 accidentali·
1373 1025 1377 1028 ·

294 1097 363 1183 ltus,
372 1101 437 1170 sive
446 1127 484 1169 ex
494 1117 582 1196 parte
592 1104 675 1170 actds
685 1103 751 1170 sive
759 1127 797 1170 cx
810 1117 898 1196 parte
908 1103 1032 1193 objecti,
1044 1101 1109 1170 sive
1118 1103 1317 1194 generalibus

295 1217 365 1287 que
388 1195 422 1262 in
444 1197 527 1263 omni
538 1249 547 1280 ,
559 1195 624 1266 sive
634 1195 869 1292 particularibus
883 1222 952 1291 quae
965 1223 1027 1264 non
1040 1197 1072 1265 in
1086 1197 1169 1264 omni
1182 1213 1254 1268 actu
1268 1224 1319 1269 oc·

215 1341 217 1346 -
298 1306 438 1359 curnml.

337 1385 419 1453 Tria
428 1399 498 1454 sunt
513 1387 586 1478 ergit
598 1385 780 1455 moralitatis
791 1401 914 1456 actuum
922 1387 1127 1456 humanorum
1138 1386 1311 1486 principia:

257 1485 261 1490 ’
295 1480 471 1573 objectum,
485 1481 554 1552 linis
565 1482 721 1576 operantis
734 1483 1023 1552 etcircumstantiae.
1065 1511 1068 1518 ·

736 1610 849 1624 m

293 1765 351 1842 ¹trel
366 1767 561 1836 deformitate
585 1795 656 1836 cum
675 1767 747 1861 lege
765 1767 869 1836 divina
885 1769 1020 1859 spectata
1041 1767 1124 1850 late,
1151 1794 1205 1836 seu
1224 1783 1317 1864 prout

296 1863 433 1934 extendit
450 1890 483 1932 se
497 1865 538 1932 ad
551 1864 723 1954 objectum,
738 1865 831 1932 linem
844 1877 874 1930 et
884 1862 1127 1930 circumstantias
1141 1866 1239 1934 actds.

337 1958 376 2026 Si
396 1960 593 2044 conformitas
608 1963 693 2031 actds
715 1985 785 2030 cum
797 1958 867 2050 lege
883 1956 990 2026 divina
1002 1958 1043 2026 sit
1062 1961 1103 2027 ab
1121 1975 1231 2051 agente
1249 1983 1320 2050 cog-

295 2054 380 2138 nita,
405 2071 437 2124 et
457 2057 589 2142 directe,
621 2057 731 2127 saltem
752 2052 921 2148 implicite,
943 2054 1079 2138 intenta,
1095 2071 1181 2125 actus
1204 2056 1318 2126 dicitur

295 2147 468 2221 formaliter
481 2153 599 2236 honus,
621 2151 795 2246 sufficitque
814 2164 849 2236 ut
861 2149 990 2220 intentio
1012 2151 1187 2222 virtualiter
1206 2177 1317 2246 perse-

297 2261 396 2314 veret.

338 2341 375 2408 Si
389 2343 463 2409 veris
478 2335 682 2412 'conformitas
702 2340 769 2410 haec
783 2341 834 2411 vel
847 2367 910 2411 non
923 2345 963 2413 sit
977 2344 1116 2438 cognita,
1126 2341 1176 2416 vel
1198 2367 1261 2412 non
1274 2342 1319 2412 in-

160 2449 168 2460 ·
189 2460 191 2468 ’
295 2435 452 2517 tendatur,
468 2449 553 2503 actus
568 2435 699 2518 dicitur,
712 2437 812 2528 honus
822 2438 1038 2509 materialiter.

338 2528 405 2598 Sed
414 2530 456 2597 ad
468 2529 740 2615 honitatemactds,
752 2532 910 2622 objectum
920 2549 950 2604 et
963 2531 1197 2604 circumstantiae
1204 2532 1316 2602 debent

296 2648 363 2694 esse
373 2624 455 2693 actui
464 2627 711 2720 proportionata.

336 2721 370 2787 A
385 2721 552 2804 contrario,
568 2721 595 2788 si
610 2721 790 2792 deformitas
801 2723 887 2794 aetds
900 2747 970 2792 cum
980 2721 1049 2812 lege
1063 2719 1168 2790 divina
1184 2720 1224 2790 sit
1238 2745 1317 2813 cog-

295 2815 375 2899 nita,
401 2831 454 2884 aut
480 2816 640 2886 moraliter
664 2817 898 2911 cognoscibilis,
915 2832 999 2884 actus
1016 2816 1131 2884 dieitur
1145 2815 1317 2886 formaliter

294 2911 406 2994 malus,
416 2905 479 2980 'etsi
489 2912 556 2980 haec
566 2913 747 2985 deformitas
757 2911 1013 2996 noninteodatur;
1030 2913 1317 3004 sedintentamajus

297 3021 458 3100 peccatum
470 3006 559 3074 facit.
1030 3084 1032 3090 ,

337 3099 376 3167 Si
389 3116 492 3171 autem
512 3101 578 3170 hac
598 3103 777 3174 deformitas
801 3127 860 3172 nee
873 3102 996 3194 cognita
1014 3105 1069 3185 sit,
1084 3128 1141 3172 nec
1155 3100 1317 3170 moraliter

296 3197 527 3288 cognoscibilis,
542 3215 626 3269 actus
636 3201 753 3286 ¹dicitur
766 3197 968 3266 materialiter
985 3189 1098 3266 malus.

337 3295 421 3364 Hinc
434 3295 561 3364 effatum
574 3301 583 3364 ἐ
596 3305 718 3364 Bonum
730 3317 776 3365 ex
785 3293 914 3384 integra
927 3301 1037 3374 causa,
1051 3292 1172 3361 mdom
1184 3316 1229 3364 ox
1246 3314 1323 3385 quo·

298 3413 426 3482 cumque
440 3390 563 3484 ducatu
576 3392 641 3478 (a).
727 3387 729 3391 ’
963 3471 966 3482 k
1219 3481 1223 3486 ⁵
1302 3411 1306 3418 ·

337 3487 622 3574 Hincetiam,actio
634 3483 891 3583 intrinsecemala
902 3483 988 3554 nullo
1000 3483 1118 3554 motivo
1127 3485 1320 3558 cohonestari

340 3597 410 3652 test.
842 3616 845 3622 ·

290 3605 368 3748 vpoE
382 3680 488 3748 contra
516 3691 602 3747 actus
613 3675 765 3767 objective
789 3675 899 3760 bonus,
912 3676 940 3746 si
954 3678 994 3748 ob
1008 3677 1103 3748 finem
1116 3674 1233 3746 malum
1247 3673 1317 3756 fiat,

299 3769 420 3840 nullam
439 3773 622 3844 ,bonitatem
636 3771 744 3849 hahet.
756 3770 826 3841 Imlt
837 3789 937 3867 potest
947 3800 1014 3850 esse
1021 3789 1178 3872 peecatum
1187 3769 1334 3856 mortale,

243 3908 246 3915 -
298 3859 845 3962 utcelebratiosacrieamotivolutri
865 3870 924 3959 (b).
1355 3883 1358 3888 '
