2932 4658
580 313 816 378 oroncoer.
941 337 947 344 ·
1141 301 1212 376 323

221 409 256 476 (a)
267 409 367 464 litismsi
376 406 523 460 innocenter
537 405 651 470 invadat,
661 409 691 458 nt
704 410 800 470 ebrius,
810 419 903 458 amens.
919 405 1035 470 uldoeri,
1045 405 1213 472 sivoittplsser.

190 477 270 530 Facile
280 482 308 528 in
326 479 474 528 senientiam
490 479 554 528 hano
574 479 721 538 inclinaret,
731 479 790 538 quia
810 479 924 526 occidens
933 479 1014 526 utitur
1022 477 1078 536 iure
1088 479 1214 540 natrualit

190 561 236 596 uec
244 549 272 596 ut
279 548 383 607 occidat,
393 548 436 596 sed
443 546 615 606 neoccidatur,
624 547 724 596 occidit.
733 547 793 594 Cum
802 547 888 594 eodem
893 547 976 594 tamen
982 559 1066 594 casum
1072 547 1215 607 exciperem

190 618 217 664 ln
225 618 362 678 quoebrius
370 619 500 666 nutaruens
510 617 573 664 esset
581 616 607 663 in
615 616 717 677 peccato
725 616 822 664 mortali
831 618 857 665 el
872 614 926 673 ejus
938 617 1079 676 speraretur
1090 617 1214 676 poeniten·
1316 673 1319 678 ¹

188 686 234 745 tla,
244 686 384 734 essetenim
399 687 425 734 in
435 685 580 734 necessitate
597 683 709 733 extremt
719 685 855 745 spirituaii,
874 685 931 744 cul,
942 698 999 732 cum
1018 684 1214 745 dispendiosius

189 754 393 815 succurrendum,
404 755 451 802 nisi
470 755 569 802 invasus
579 754 606 801 in
617 751 704 810 eidem
721 754 893 802 necessitate'
887 766 939 814 lpse
951 753 1041 801 existat
1051 751 1126 816 [ioli
1135 755 1214 814 Quam

188 823 370 882 ,exceptionem
380 835 428 870 non
438 822 609 880 admitterem,
620 821 641 868 si
661 821 725 869 esset
743 821 840 881 tempus
854 819 1032 872 considerandi.

219 891 250 939 ut
260 892 421 939 communiter
437 891 550 938 docent'
544 901 682 937 invasorem
699 890 778 936 occidi
788 902 859 949 posse
874 871 1214 949 au·rnvaso,etsiulccu1pe

189 955 234 1006 sui
243 970 270 1006 ee
281 959 452 1007 constituerit
445 971 472 1006 ιιι
482 971 540 1006 casu
549 958 627 1005 vitam
636 957 770 1017 perdendi,
781 957 955 1008 committendo
963 970 1006 1016 ,r.
1017 967 1051 1018 n„
1065 956 1214 1005 rdrrlteriuru

189 1031 247 1073 cum
256 1039 348 1087 uxore,
364 1030 407 1076 eut
417 1028 530 1087 stuprum
540 1039 597 1074 cum
611 1025 682 1073 ulia
675 1027 802 1074 ruvasoris.
830 1063 834 1070 ,
998 1043 1001 1049 ’

215 1093 255 1156 (l)
265 1090 339 1143 luxu
348 1096 541 1144 communiorem
551 1095 583 1142 ad
592 1092 880 1144 restitutionemtenctur
888 1092 1214 1154 occidens,slmodersmen,

188 1163 260 1211 aliter
269 1159 343 1225 quam
354 1165 444 1212 ellectu
453 1159 521 1212 mere
537 1165 634 1212 interno
645 1164 788 1211 excesserit.
808 1163 856 1210 Sed
866 1164 940 1212 aliter
959 1164 1003 1212 alii
1014 1164 1043 1211 ut
1057 1163 1117 1224 quid
1128 1163 1215 1222 proba·

188 1231 263 1280 bilius
273 1231 426 1291 censent,in
436 1231 483 1278 lroc
493 1231 588 1280 fundati
606 1229 671 1291 quod
681 1231 778 1279 invasor
786 1232 879 1280 sciebat
888 1233 1000 1280 invasum
1019 1230 1215 1280 defensurumse
1267 1291 1269 1296 Ι
1345 1243 1346 1248 ’
1388 1262 1394 1274 ,

187 1310 232 1359 pro
242 1312 313 1360 posse
325 1301 351 1348 et
361 1295 426 1359 quod
436 1299 525 1346 scienti
534 1299 560 1346 et
570 1295 663 1348 volenti
672 1311 721 1346 nou
731 1299 774 1346 fiat
785 1300 884 1357 injuria.
896 1301 935 1348 Sic
946 1301 1064 1358 Billuart,
1073 1300 1121 1348 etc.

217 1368 309 1418 Saltem
320 1364 420 1416 difficile
429 1367 588 1416 determinari
598 1369 680 1426 posset
688 1379 720 1414 an
729 1363 816 1416 reveri
824 1368 900 1416 luerit
906 1381 1022 1418 excessus
1032 1365 1112 1418 libere
1122 1370 1213 1430 mnis,

187 1436 247 1497 quia
256 1435 355 1495 tempus
362 1437 421 1484 tunc
431 1447 481 1482 non
490 1435 601 1496 suppetit
610 1435 729 1495 pensandi
742 1437 833 1485 omnia.

214 1500 295 1552 sexu
313 1516 362 1551 non
381 1504 517 1564 paucos‚si
528 1505 628 1551 invasus
646 1499 724 1551 solum
742 1515 791 1550 non
802 1503 907 1563 luxerit,
922 1497 981 1551 dum
992 1502 1089 1564 poteret
1099 1502 1215 1562 inplendo

189 1582 239 1619 non
249 1572 378 1632 occidere,
388 1567 472 1621 contrd
489 1571 611 1630 justitiam
627 1584 676 1619 non
694 1572 819 1632 peccavit3
834 1572 921 1619 saltem
938 1573 959 1619 si
969 1573 1073 1632 ignaviae
1087 1572 1170 1620 notam
1180 1573 1215 1623 ti·

189 1640 286 1700 mebat3
297 1641 415 1689 invadens
423 1641 492 1688 eninr
502 1638 511 1701 (
517 1641 537 1688 si
548 1638 646 1702 potuit)
657 1641 730 1688 cessit
739 1639 794 1697 iure
804 1651 847 1687 suo
860 1637 924 1701 [558,
933 1637 1000 1702 5591.

221 1706 253 1771 (c)
264 1709 333 1757 Varii
343 1710 410 1756 enim
428 1705 512 1759 contri
520 1709 644 1768 sentiunt,
655 1709 676 1756 sl
688 1709 775 1768 agatur
787 1707 817 1756 de
828 1707 947 1756 emenda
958 1707 1010 1756 vitu
1022 1707 1144 1768 proximi,
1154 1709 1214 1769 quia

189 1788 248 1824 eum
258 1789 307 1824 non
317 1777 422 1836 tuendo,
440 1789 489 1824 non
499 1778 527 1825 ur
544 1777 613 1825 actus
621 1777 720 1826 virtutis
739 1777 804 1825 sicut
819 1771 878 1824 edm
886 1777 938 1825 vita
950 1777 1049 1836 propria
1058 1789 1108 1824 nou
1118 1778 1213 1826 tuetur.

179 1845 232 1893 ιιι
242 1846 316 1904 hujus
326 1846 463 1905 argumenti
472 1846 632 1904 accrescit,si
642 1847 705 1892 ratio
715 1845 757 1903 sil,
766 1846 795 1893 ut
804 1840 883 1905 saepe,
893 1846 1057 1907 praesumeudi
1072 1847 1213 1909 proximum

188 1913 221 1962 alr
233 1913 346 1965 invasore
355 1913 522 1972 occidendum
532 1925 581 1961 uon
590 1925 642 1962 esse
653 1913 681 1960 in
697 1911 762 1962 statu
774 1912 867 1974 gratie.

642 2013 758 2028 m

230 2065 305 2128 356.
333 2059 484 2140 Etlicete
501 2059 697 2154 repellendo,
722 2060 977 2150 percutiendo,
965 2062 1030 2127 ιιιιὸ
1053 2059 1212 2143 laedendo,

192 2155 268 2224 eitra
282 2154 391 2222 mortis
415 2153 588 2248 periculum
602 2152 711 2220 saltem
732 2153 800 2238 (a),
826 2168 856 2222 et
868 2151 1098 2247 proportionale
1111 2156 1152 2223 ad
1166 2157 1214 2224 rei

190 2251 340 2361 prelium,
356 2276 424 2318 rem
437 2275 524 2320 snam
539 2273 738 2332 conservare,
753 2249 826 2343 quia
839 2253 939 2341 magis
949 2271 1044 2342 quam
1057 2249 1134 2326 levis
1148 2251 1214 2321 vul·
1256 2319 1262 2324 .

189 2345 308 2416 neratio
321 2361 501 2439 reputantur
510 2345 592 2412 bona
603 2343 734 2412 fortunae
745 2345 858 2455 magni
864 2343 1024 2438 momenti.

230 2440 311 2510 Ει
287 2467 314 2508 sr
327 2441 361 2507 in
370 2455 440 2509 actu
454 2463 560 2508 eorum
570 2439 796 2508 defensionis
766 2457 838 2508 vilae
848 2432 1022 2508 incurratur
1034 2439 1212 2534 proximum

190 2535 372 2646 periculum,
387 2533 549 2620 occidere,
564 2559 591 2604 ιι
581 2533 686 2604 nulla
698 2535 759 2604 aha
769 2551 911 2632 suppetat
920 2559 973 2604 vra
984 2549 1082 2602 naam
1092 2560 1214 2604 conser-

191 2631 295 2700 randi.

232 2727 338 2816 Quae
327 2751 347 2799 a
360 2725 482 2794 fortiori
503 2724 634 2808 dicenda
653 2738 742 2806 sunt,
762 2723 790 2792 si
810 2739 918 2814 agaim
934 2722 974 2790 de
993 2721 1108 2792 tucndd
1123 2719 1214 2846 pedi·
1313 2757 1317 2764 ·

192 2819 369 2906 sitite)
513 2843 515 2848 ·

232 2913 302 2982 Imd
317 2929 347 2982 et
360 2914 462 2982 iurem
474 2927 657 2980 nocturnum
671 2912 826 2998 occidere,
849 2939 876 2982 ιι
867 2913 1100 3010 ’‘periculum
1074 2930 1114 2983 sut
1117 2917 1213 3010 qued

192 3009 293 3078 renim
306 3009 347 3076 ad
360 3008 574 3076 occidendum.

232 3104 321 3194 Qum
341 3105 381 3172 ad
396 3103 462 3172 lraee
482 3119 640 3187 tenemur,
664 3102 784 3173 secluso
807 3103 1003 3174 incommodo
1026 3105 1131 3198 gravi,
1152 3131 1212 3199 pro

190 3199 312 3269 tuendis
329 3199 417 3267 bonis
431 3198 582 3292 proximi,

231 3294 276 3362 Et
287 3319 344 3388 pro
357 3293 514 3362 tuendi
484 3293 604 3384 virgine
615 3292 717 3361 facere
730 3292 859 3388 quisque
871 3306 971 3388 potest
985 3307 1015 3362 et
1029 3292 1119 3364 debet
1129 3294 1213 3388 quod

193 3403 223 3456 ιι
236 3389 305 3483 ipsa
320 3404 423 3483 posset
437 3405 467 3457 et
481 3387 607 3457 deberet
621 3388 734 3455 facere.

233 3483 299 3552 Sed
320 3510 356 3552 er
380 3484 533 3551 communi
558 3484 706 3552 sentenia
718 3510 779 3550 non
799 3483 877 3552 licet.
887 3483 1014 3580 alapam
1024 3508 1082 3576 pre
1099 3481 1210 3575 alapd,

192 3577 306 3648 fantem
319 3579 487 3672 profustc
503 3601 641 3646 convrcra
653 3603 711 3672 pro
722 3604 886 3662 eonvrcns
901 3593 960 3647 etc.
981 3592 1167 3670 r,epetere.

224 3762 261 3827 (o)
275 3761 323 3814 Sed
336 3733 531 3811 numoceidcrei
540 3759 565 3810 Si
575 3760 638 3810 bone
646 3760 852 3824 querulertiur,
861 3759 911 3809 sint
929 3755 970 3810 iric
980 3760 1007 3809 et
1021 3769 1087 3818 nnnc
1096 3757 1125 3808 ad
1134 3757 1211 3808 vrum

193 3831 383 3883 conservandam
393 3825 760 3894 necessanr,v1dstur,secus
768 3842 817 3881 non
827 3828 926 3882 vrdelm
935 3825 1000 3890 quod
1009 3827 1085 3894 possit
1098 3825 1210 3878 occidere

1020 3907 1083 3943 ,21
