2984 4666
572 350 810 411 uacauout.

555 539 758 590 enatemus
773 540 832 587 ιη.Ι
861 519 882 604 ᾗ

631 709 669 757 De
682 708 753 757 voto.

652 873 715 942 ,gr

390 1047 427 1099 ue
437 1045 525 1100 utura
532 1079 541 1108 ,
549 1045 671 1098 &risione
681 1049 708 1098 et
716 1045 789 1098 muel
795 1045 992 1108 eructentosott.

590 1220 756 1272 runeruu
770 1223 791 1272 1.
881 1285 882 1290 η

221 1418 294 1482 ²7¹·
313 1387 437 1458 Vown
451 1406 497 1459 est
509 1390 677 1484 promissio
685 1389 777 1484 phut
791 1388 961 1460 deliberata
974 1389 1025 1478 (α)
1037 1391 1119 1460 sacta
1131 1391 1203 1462 Deo
1276 1459 1279 1474 ,

178 1485 219 1554 de
232 1484 354 1555 meliori
365 1487 448 1582 bono
465 1484 624 1576 moraliter
637 1484 788 1578 possibili.
1111 1497 1117 1504 '

220 1579 304 1647 Hinc
327 1583 357 1646 1⁰
380 1579 597 1676 Propositum,
622 1579 716 1647 etiam
742 1579 953 1649 firmissimum
977 1594 1007 1648 et
1028 1579 1202 1649 fervidissi-

179 1699 281 1755 mum,
300 1673 333 1742 si
344 1698 404 1756 nou
418 1674 555 1743 includat
569 1674 767 1743 intentionem
788 1673 898 1743 saltem
912 1674 1094 1766 implicitam
1109 1676 1155 1761 (b)
1169 1700 1203 1744 se
1260 1727 1263 1732 .

179 1768 358 1862 aliqualiter
379 1770 485 1837 stricte
515 1769 690 1860 obligandi,
719 1784 824 1837 votum
848 1786 996 1852 nonest,
1022 1770 1078 1838 etsi
1107 1770 1205 1838 verbo

176 1864 330 1954 promitto
360 1863 565 1932 enunciatum.
585 1865 648 1933 Hic
672 1865 754 1934 enirn
773 1891 810 1933 ex
836 1864 1202 1954 internisjudicandum,

179 1974 209 2028 et
222 1959 378 2053 pensanda
394 1955 495 2051 magis
512 1959 643 2028 intentio
658 1963 752 2052 quam
766 1959 863 2027 verba
877 1993 884 2038 ;
912 1961 953 2027 ad
966 1961 1049 2052 quod
1068 1959 1203 2027 maximb

177 2053 412 2135 attendendum,
435 2059 507 2120 cum
530 2054 641 2148 spiritu
661 2053 816 2122 feruentes
831 2068 883 2118 aut
904 2052 1075 2146 scrupulosi
1095 2053 1204 2120 timent

177 2162 381 2218 nevoverrnt.

219 2243 302 2310 Hinc
316 2248 349 2307 2⁰
365 2243 421 2310 Ad
436 2256 541 2309 votum
557 2242 664 2310 eadem
679 2265 715 2308 ac
725 2239 765 2308 ael
781 2255 941 2334 peccatum
957 2239 1088 2308 mortale
1104 2239 1205 2333 requi·
1228 2257 1230 2262 '

1 2401 5 2411 ,
95 2344 98 2349 ’
178 2337 255 2404 ritur
271 2337 454 2405 deliberatio
468 2368 475 2416 ;
494 2362 550 2404 nec
566 2343 786 2429 consequenter
800 2334 880 2403 valet
893 2351 996 2402 votum
1013 2360 1084 2402 curn
1096 2359 1205 2407 errore

178 2431 369 2500 substantiali
394 2432 477 2499 circ'a
502 2447 644 2500 naturam
661 2431 799 2499 materiae
818 2429 881 2498 voti
903 2429 1091 2510 individua,
1119 2429 1203 2498 circa

178 2527 244 2615 ejus
258 2528 446 2596 conditiones
461 2543 491 2597 et
505 2527 747 2597 circumstantias
761 2525 989 2609 substantiales,
1012 2541 1066 2595 aut
1080 2549 1204 2594 causam

179 2624 244 2714 ejus
262 2623 384 2691 finalem
400 2626 456 2710 (c).

217 2717 290 2785 'Nec
303 2734 425 2801 votum,
448 2719 583 2786 solemne
609 2716 719 2786 saltem
729 2715 798 2802 (d),
824 2730 960 2808 exmetu
979 2715 1068 2807 gravi
1090 2713 1202 2804 injuste

179 2810 301 2878 incusso
315 2813 356 2878 ad
373 2812 452 2880 illud
468 2813 724 2906 extorquendum.

222 2904 286 2972 Sed
297 2905 420 3000 plenam
427 2931 489 2972 non
499 2905 595 2975 fuisse
610 2904 862 2974 deliberationem
872 2931 934 2976 non
946 2904 1063 2975 indicat
1073 2927 1204 2996 sequens

179 3004 283 3069 statim
297 3000 473 3095 poenitudo,
496 3002 572 3094 q'uin
591 3005 672 3094 saepb
690 3003 890 3070 eontrarium.
992 3041 996 3054 ι

220 3097 290 3167 Nec
310 3113 415 3166 votum
433 3098 536 3166 reclclit
550 3097 667 3165 nullum
693 3123 780 3166 error
802 3098 884 3168 circel
902 3095 1146 3165 circmnstarrtias
1163 3093 1204 3164 ad

180 3218 246 3262 reru
259 3220 321 3261 non
334 3193 540 3290 pertinentes,
557 3193 618 3262 nisi
630 3193 700 3262 talis
714 3194 775 3262 sint
789 3193 951 3292 momenti,
966 3207 1003 3259 ut
1013 3190 1146 3266 desuerit
1159 3189 1204 3261 in·

180 3289 286 3358 tentio.

221 3381 290 3450 Nec
303 3407 389 3450 error
403 3384 485 3454 cirea
497 3383 685 3452 conditiones
696 3381 773 3451 levis
783 3381 949 3463 momenti,
967 3405 1025 3450 nec
1039 3379 1123 3450 circb
1136 3403 1205 3472 par·

180 3491 244 3543 tem
258 3477 393 3566 materiae
406 3478 589 3560 individuae,
606 3505 668 3548 uon
681 3478 849 3546 notabilem
862 3491 1003 3572 respectu
1014 3475 1120 3543 totius.

223 3567 293 3637 Nee
312 3571 437 3638 tandem
451 3571 522 3640 idco
542 3572 662 3640 nullum
681 3587 727 3642 est
744 3587 868 3654 votum,
891 3570 977 3662 qubd
996 3567 1119 3637 deficiat
1137 3564 1205 3645 linis

184 3663 248 3753 ejus
272 3665 488 3748 secundarius,
507 3682 560 3734 aut
584 3692 675 3736 causa
693 3670 779 3736 merb
794 3665 978 3761 impulsiva,
1001 3660 1141 3756 quamvis
1155 3658 1204 3732 his

183 3760 322 3851 praevisis
337 3775 440 3829 votum
454 3759 570 3828 sactum
583 3788 645 3831 uon
654 3763 782 3843 luisset;
799 3762 860 3832 nisi
870 3777 974 3832 tamen
987 3759 1055 3830 hac
1068 3783 1125 3855 pro
1135 3781 1203 3828 con·

186 3854 300 3926 ditione
313 3857 455 3953 apposita
475 3854 601 3924 luerint.
1090 3873 1093 3876 '
