2948 4676
609 294 651 346 ru
675 267 855 354 ennean.
891 274 893 279 ’
1116 355 1125 374 .
1201 252 1242 380 ³7

606 481 804 536 anrtootus
820 489 857 536 11.

214 603 397 688 masfiariis,
406 617 454 676 eic.
462 661 469 688 ,
478 621 510 676 ad
518 627 660 678 ministrum
667 627 836 754 {pectantiriops
841 663 850 692 ,
856 627 885 682 ul
892 626 962 684 liciti
969 630 1121 686 namucno
1129 637 1243 688 commi

635 714 669 752 au
689 705 763 754 minis
787 717 821 754 e.
1210 719 1214 730 ¹

198 917 205 939 „
254 861 341 928 Aura
354 859 407 928 bic
419 861 611 931 observanda
623 861 719 934 habet
728 862 868 936 minister
881 869 957 958 erg'a
965 867 1120 962 seipsum,
1132 879 1164 938 ei
1173 859 1240 943 alis

214 959 289 1050 erga
303 957 493 1048 subjectum.
1145 995 1148 998 ·

700 1112 751 1186 Si·

265 1255 313 1320 16.
329 1249 471 1336 Paterna
488 1249 739 1345 jurisdictionem
759 1251 950 1326 ordinariam
971 1271 1024 1328 aut
1044 1257 1236 1354 delegatam,

212 1348 432 1442 scientiamque
447 1365 477 1417 ct
500 1349 698 1444 prudentiam
718 1368 909 1422 sacramento
928 1373 1149 1447 congruentes,
1174 1375 1234 1432 etc.

210 1448 298 1537 [92]
312 1447 405 1540 (quae
422 1445 527 1514 omnia
542 1445 600 1514 sub
613 1447 741 1514 mortali
757 1474 794 1516 ex
809 1475 922 1540 genere
937 1475 992 1518 suo
1005 1453 1235 1544 requiruntur),

213 1543 352 1612 minister
364 1541 474 1610 saltem
486 1569 523 1610 en
538 1540 641 1619 officio
650 1543 698 1628 (a)
706 1543 799 1612 debet
809 1571 874 1613 esse
889 1543 922 1611 in
931 1561 1011 1613 statu
1025 1547 1132 1638 gratiae
1142 1601 1150 1632 ,
1162 1549 1237 1620 alio

211 1638 288 1732 quin
298 1636 493 1730 sacrilegium
503 1638 634 1706 mortale
645 1654 849 1733 perpetraret,
861 1639 933 1722 nisi,
943 1640 1021 1708 citri
1031 1641 1154 1737 culpam
1166 1669 1236 1738 gra·

210 1761 291 1815 vem,
307 1733 463 1824 ignoraret
477 1759 510 1802 se
522 1759 586 1802 esse
599 1733 633 1800 in
645 1733 770 1816 lethali,
783 1750 834 1802 aut
847 1761 883 1803 ex
892 1735 989 1806 nimii
1003 1738 1236 1831 perturbatione

210 1830 251 1897 ad
265 1829 298 1896 id
310 1855 374 1896 non
390 1827 578 1910 reflecteret,
593 1829 644 1898 vel
661 1847 913 1924 nonsuppeteret
926 1830 992 1923 ipsi·
999 1847 1120 1926 tempus
1132 1850 1234 1908 actum

198 1925 319 2034 ¹saltem
333 1923 522 1994 contritionis
531 1923 684 2016 eliciendi,
694 1927 778 2020 quod
789 1926 994 2012 rarissimum,
1004 1932 1076 1998 com
1086 1945 1171 1998 actus
1181 1929 1233 2000 hic

209 2023 416 2087 instantaneus
432 2019 619 2112 esse-possit.
743 2027 745 2032 ’
967 2017 970 2024 ’

250 2115 331 2204 Quae
346 2114 536 2182 extendenda
550 2113 749 2182 videaturad
763 2141 834 2183 enm
853 2115 908 2208 qui
919 2115 1101 2208 simpliciter
1115 2118 1232 2196 confes·

209 2215 325 2278 sionem
340 2209 426 2276 audit
437 2263 445 2293 ‚
458 2235 522 2276 non
533 2209 694 2277 intendens
709 2209 884 2294 absolvere,
900 2211 974 2304 quia
983 2214 1049 2304 jim
1063 2210 1173 2309 incipit
1186 2234 1233 2281 sa·
1252 2263 1263 2276 .

210 2321 410 2373 crementum.

249 2399 292 2468 Et
303 2401 343 2468 ad
354 2425 426 2468 eum
436 2397 489 2492 qui
499 2391 1056 2468 eucharistiamexolficioimmediat'e
1064 2401 1163 2494 tangit
1171 2403 1229 2490 (i).

248 2495 291 2563 Et
311 2493 504 2588 probabilius
525 2493 565 2561 ad
586 2493 765 2589 episcopum
787 2493 924 2565 chrisma
948 2496 1160 2565 conficientem
1180 2515 1232 2566 aut

209 2589 638 2660 S.·Oleumbeuedicer1tem.
737 2628 739 2636 v
996 2641 998 2644 -
1108 2606 1111 2616 ‘
1164 2595 1167 2604 ¹

248 2686 292 2755 Et
303 2685 430 2754 taudem
444 2685 484 2752 ad
495 2685 811 2772 diaeonumjordinem
824 2709 917 2754 suum
926 2709 964 2754 ex
975 2685 1080 2753 officio
1091 2711 1232 2764 exerceri·

206 2784 293 2867 tem(
310 2784 338 2868 ).
386 2848 389 2852 ,
683 2861 688 2864 ,
1076 2810 1079 2812 ·

250 2875 364 2966 Quoad
377 2873 630 2958 sacramentalia,
641 2871 890 2942 benedictionem
901 2874 1110 2966 nemp'eaquae
1122 2871 1231 2940 lustra-

204 2973 257 3053 lis,
269 2971 368 3066 panis,
379 2971 546 3052 fructuum,
558 2985 631 3054 etc,
647 2995 702 3064 per
711 2995 746 3038 sc
755 2968 911 3063 loquendo
924 2968 1054 3040 mortale
1063 2995 1125 3036 non
1138 2981 1185 3038 est
1194 2994 1231 3038 ea

125 3095 139 3106 “
205 3067 353 3143 lacerein
366 3065 587 3160 statupeccati.

237 3245 273 3310 (α)
285 3247 371 3306 Aliter,
382 3247 438 3307 post
447 3247 476 3293 D.
488 3247 605 3294 Tironem
616 3244 727 3294 sentiunt
737 3237 891 3295 communitis
902 3242 928 3290 et
943 3235 1095 3303 probabilius
1111 3241 1142 3290 de
1152 3243 1230 3306 laico,

204 3313 254 3366 imo
266 3316 332 3364 etde
344 3316 469 3363 sacerdote
480 3315 506 3362 in
525 3325 583 3362 casu
600 3314 755 3362 necessitatis
768 3312 922 3374 baptizante,
932 3311 991 3372 quia
1009 3323 1057 3359 nec
1072 3311 1150 3359 laicus
1159 3313 1230 3372 turn,

204 3397 251 3434 occ
264 3383 378 3432 sacerdos
387 3386 438 3444 agit
448 3385 477 3432 ui
490 3395 593 3444 persona
604 3383 635 3430 ad
649 3384 695 3430 hoe
705 3382 888 3430 consecratione
899 3380 1002 3440 speciali
1013 3380 1139 3440 deputata.

235 3449 319 3513 sectis,
331 3453 352 3501 si
363 3453 474 3502 sacerdos
484 3453 663 3500 sacramentum
674 3451 742 3499 aliud
753 3463 785 3498 ex
795 3450 943 3500 necessitate
954 3448 1119 3497 administret.

235 3521 348 3575 Consulto
360 3524 441 3570 tamen
451 3523 475 3570 et
484 3523 562 3570 laicus
572 3517 621 3570 eti
632 3522 726 3568 fortiori
738 3521 849 3568 sacerdos
860 3519 943 3567 actum
951 3517 1107 3564 contritionis
1115 3516 1174 3563 tunc
1183 3517 1232 3563 eii·

204 3593 279 3641 ciant.
291 3591 342 3640 imo
351 3594 497 3640 moneantur
507 3591 652 3641 obstetrices
662 3591 705 3651 ut,
716 3589 748 3639 ad
757 3590 830 3643 iilum
845 3587 1010 3646 eliciendum,
1024 3583 1176 3632 ammentum
1185 3595 1231 3639 oe-

204 3662 497 3721 ccssiialispraeveniaut.
666 3705 672 3716 Ι

232 3727 270 3790 io)
285 3731 334 3777 Atii
346 3725 430 3778 contri
440 3731 500 3778 aiios
510 3728 576 3777 idern
587 3727 672 3776 dicunt
684 3727 714 3776 de
725 3739 754 3777 eo
767 3725 811 3789 qni
822 3722 997 3774 eucharistiam
1013 3734 1062 3788 uon
1072 3719 1174 3784 tangens
1184 3721 1231 3770 im-

204 3795 321 3859 mediati,
332 3811 388 3848 eam
399 3798 480 3846 defert
488 3799 515 3847 in
525 3797 729 3859 processionibus,
740 3809 798 3846 eum
813 3791 843 3846 si
857 3791 1102 3864 populooonediclt,
1116 3793 1160 3854 aut
1175 3802 1249 3860 sarri.
1306 3788 1310 3793 ’
1381 3782 1383 3786 ’

205 3879 237 3915 ex
247 3867 327 3916 cilicio
337 3866 454 3916 oamiert
463 3867 493 3916 do
507 3869 560 3920 ioco
571 3867 597 3916 in
611 3867 702 3916 iocum.
