2984 4666
288 401 362 498 ata
563 427 774 495 superruo
799 425 1033 481 nurnero

688 585 853 636 nunctum
868 586 904 634 tt.

575 727 612 777 lte
624 730 759 777 cessatione
768 726 820 776 vett
829 729 860 776 ab
874 729 1023 780 extrinseco.

330 871 452 968 Voronr
472 887 571 940 cessat
587 873 627 940 ab
646 874 816 942 extrinseco
835 897 891 965 por
909 873 1137 959 irritationem,
1151 872 1311 968 disposue-

288 967 402 1034 tionem
413 978 444 1036 et
454 967 735 1035 commutationem.

637 1146 919 1207 oussrrurcurt
934 1147 956 1196 t

571 1287 611 1354 'tte
619 1292 753 1341 cessatione
762 1291 814 1344 rott
824 1301 869 1351 per
878 1293 1052 1344 irritationem

331 1440 402 1504 281.
418 1435 505 1500 Vorr
528 1433 662 1502 irritatio
683 1450 730 1503 est
753 1435 819 1522 ejus
832 1435 1044 1526 obligationis
1069 1435 1198 1519 ablatio,
1227 1438 1310 1508 faeta

286 1531 410 1600 nomine
424 1529 568 1624 proprio,
584 1529 624 1596 ab
637 1553 676 1597 eo
687 1532 773 1620 cujus
783 1529 929 1623 potestati
945 1531 1077 1598 naturali
1087 1547 1140 1599 aut
1156 1533 1313 1626 spinosuli

287 1625 502 1707 dominatrici,
515 1624 654 1692 voluntas
663 1625 801 1692 voventis
811 1640 862 1694 aut
877 1625 941 1692 voti
950 1615 1081 1694 inateri'a
1093 1627 1270 1716 subjicitim

282 1717 286 1732 ’
329 1719 365 1786 si
376 1719 513 1787 voventis
524 1717 663 1785 voluntas
673 1718 811 1804 subjecta
823 1717 881 1798 sit,
895 1718 1012 1786 directa
1025 1721 1138 1788 dicitur
1157 1721 1307 1803 irritatior¹

329 1813 365 1882 si
388 1815 462 1882 vere
489 1812 555 1881 sola
567 1813 630 1878 voti
645 1811 794 1887 materia,
818 1810 969 1879 indirecta
992 1813 1180 1906 appellatur,
1207 1803 1310 1886 otest

289 1907 468 2004 potitis-‘voti
481 1905 638 2000 suspensio
649 1907 744 1996 quem
756 1903 902 1970 irritatio.
1090 1913 1096 1926 ‘
1306 1939 1309 1946 ·

331 2003 417 2070 Vota
427 2001 549 2069 irritare
562 2013 689 2093 possunt
699 1995 815 2066 directe

330 2097 512 2191 Superiores
524 2094 739 2188 religiosorum
756 2095 831 2185 erge
843 2115 915 2161 suos
924 2090 1080 2176 redditos,
1092 2110 1223 2188 ‘empto
1236 2108 1310 2168 vota

287 2193 430 2262 arctioris
443 2191 600 2283 religionis
609 2223 622 2272 ς-

225 2306 229 2315 ’
329 2287 373 2356 Et
384 2302 490 2381 pater,
506 2286 609 2373 ejusve
622 2285 706 2353 vices
718 2309 828 2376 gerens
839 2337 852 2367 ‚·
860 2284 933 2376 erge
943 2284 1023 2378 lilios
1036 2285 1210 2380 impuberes
1216 2287 1276 2372 (a).

329 2381 407 2448 Haee
419 2378 587 2446 fundantur
599 2379 632 2444 in
646 2403 683 2446 eo
695 2379 779 2470 qued
790 2379 844 2445 illa
853 2385 926 2446 v‘ota
940 2382 1052 2450 emissa
1070 2381 1131 2449 siut
1147 2383 1204 2449 sub
1218 2380 1310 2450 tacite

290 2473 463 2544 conditione
478 2473 641 2540 consensis
655 2471 737 2539 illius
752 2471 802 2537 eui
811 2471 915 2540 subest
924 2474 1063 2542 voluntas
1074 2475 1224 2542 voventis.

209 2627 222 2652 ,
287 2627 288 2630 ,
332 2567 485 2636 indirecte
506 2569 580 2634 vere
602 2579 689 2659 pater
711 2564 835 2632 irritare
848 2580 949 2658 potest
962 2567 1195 2650 votafiliorum,
1219 2569 1310 2640 etiam

289 2663 456 2758 puberum,
467 2685 538 2754 quoe
547 2659 658 2728 obsunt
671 2658 887 2751 gubernationi
897 2659 1042 2740 seruiliae3

330 2758 455 2844 Herus,
469 2754 659 2825 famulorum
668 2770 820 2848 votaque
830 2754 1002 2848 impediunt
1013 2770 1065 2824 aut
1073 2753 1213 2826 minuunt
1224 2756 1311 2828 obse

290 2879 413 2946 qurum
915 2895 917 2900 ,

332 2947 504 3040 Coniuges,
520 2947 683 3038 conjugum
700 2960 773 3014 vota
788 2969 857 3037 quae
877 2971 983 3016 corum
1001 2946 1172 3042 respective
1190 2946 1311 3038 juribus

291 3043 414 3112 obsunt·

332 3137 397 3206 Sed
407 3133 490 3217 haec,
506 3135 545 3204 de
559 3133 703 3232 praesenti
712 3136 858 3221 materie,
869 3139 997 3231 quaevix
1007 3136 1143 3230 practica
1153 3147 1214 3214 est,
1227 3134 1310 3202 dicta

290 3231 456 3302 sufficiant.
471 3231 608 3324 Catum,
630 3229 658 3298 si
681 3255 767 3300 casus
788 3231 927 3314 eveniat,
955 3231 1026 3299 vide
1051 3229 1133 3320 apud
1153 3243 1307 3311 auctores;

290 3327 391 3394 solem
406 3341 480 3394 nota
492 3325 696 3396 irritationem
705 3326 820 3396 factam
834 3327 899 3396 sine
912 3327 1004 3394 cause
1013 3325 1148 3392 validam
1161 3349 1243 3410 esse,
1255 3325 1310 3396 sed

290 3421 447 3505 illicitam,
460 3421 630 3514 illiciteque
650 3422 724 3515 peti.

332 3517 481 3584 Attamen
492 3541 555 3584 non
566 3516 673 3595 vident
685 3514 731 3583 ibi
743 3527 905 3609 peccatum
917 3512 978 3582 uisi
987 3512 1106 3583 veniale
1120 3515 1286 3584 ordinarie.

272 3730 277 3741 .
324 3649 1306 3760 (a)etiamsi,proeteritorutuspuuenrtomateuustttrotocmtsonit

293 3765 356 3816 tllurt
364 3768 445 3817 rutum
458 3765 582 3816 hebuertt.
