<?xml version="1.0" encoding="UTF-8"?>
<!DOCTYPE html PUBLIC "-//W3C//DTD XHTML 1.0 Transitional//EN"
    "http://www.w3.org/TR/xhtml1/DTD/xhtml1-transitional.dtd">
<html xmlns="http://www.w3.org/1999/xhtml" xml:lang="en" lang="en">
 <head>
  <title>
</title>
<meta http-equiv="Content-Type" content="text/html;charset=utf-8" />
  <meta name='ocr-system' content='tesseract 3.04.00' />
  <meta name='ocr-capabilities' content='ocr_page ocr_carea ocr_par ocr_line ocrx_word'/>
</head>
<body>
  <div class='ocr_page' id='page_1' title='image "./theologiapracti00verngoog_0212.png"; bbox 0 0 2984 4666; ppageno 0'>
   <div class='ocr_carea' id='block_1_1' title="bbox 191 365 1226 2192">
    <p class='ocr_par' dir='ltr' id='par_1_1' title="bbox 199 365 1226 767">
     <span class='ocr_line' id='line_1_1' title="bbox 216 365 1226 471; baseline -0.003 -21"><span class='ocrx_word' id='word_1_1' title='bbox 216 445 220 450; x_wconf 82' lang='lat'>.</span> <span class='ocrx_word' id='word_1_2' title='bbox 485 365 491 376; x_wconf 70' lang='grc'><strong>“</strong></span> <span class='ocrx_word' id='word_1_3' title='bbox 591 387 828 450; x_wconf 77' lang='lat' dir='ltr'><strong>oacntoot.</strong></span> <span class='ocrx_word' id='word_1_4' title='bbox 1159 371 1226 471; x_wconf 69' lang='lat'><strong>¹93</strong></span> 
     </span>
     <span class='ocr_line' id='line_1_2' title="bbox 199 473 1224 578; baseline -0.007 -23"><span class='ocrx_word' id='word_1_5' title='bbox 199 475 289 578; x_wconf 65' lang='lat' dir='ltr'><strong>goii,</strong></span> <span class='ocrx_word' id='word_1_6' title='bbox 309 473 457 574; x_wconf 88' lang='lat' dir='ltr'><strong>mysteria</strong></span> <span class='ocrx_word' id='word_1_7' title='bbox 477 482 538 552; x_wconf 86' lang='lat' dir='ltr'><strong>SS.</strong></span> <span class='ocrx_word' id='word_1_8' title='bbox 558 481 739 564; x_wconf 78' lang='lat' dir='ltr'><strong>Trinitatis,</strong></span> <span class='ocrx_word' id='word_1_9' title='bbox 754 479 978 552; x_wconf 84' lang='lat' dir='ltr'><strong>lucamationis</strong></span> <span class='ocrx_word' id='word_1_10' title='bbox 1004 495 1034 548; x_wconf 85' lang='lat' dir='ltr'><strong>ot</strong></span> <span class='ocrx_word' id='word_1_11' title='bbox 1061 480 1224 575; x_wconf 54' lang='lat' dir='ltr'><strong>Redemp*</strong></span> 
     </span>
     <span class='ocr_line' id='line_1_3' title="bbox 200 571 1225 669; baseline -0.006 -21"><span class='ocrx_word' id='word_1_12' title='bbox 200 581 310 662; x_wconf 84' lang='lat' dir='ltr'><strong>tionis,</strong></span> <span class='ocrx_word' id='word_1_13' title='bbox 331 605 386 662; x_wconf 82' lang='lat' dir='ltr'><strong>seu</strong></span> <span class='ocrx_word' id='word_1_14' title='bbox 402 575 596 646; x_wconf 80' lang='lat' dir='ltr'><strong>mediationis</strong></span> <span class='ocrx_word' id='word_1_15' title='bbox 621 571 757 660; x_wconf 79' lang='lat' dir='ltr'><strong>Christi,</strong></span> <span class='ocrx_word' id='word_1_16' title='bbox 775 577 885 648; x_wconf 84' lang='lat' dir='ltr'><strong>saltem</strong></span> <span class='ocrx_word' id='word_1_17' title='bbox 904 575 1028 646; x_wconf 79' lang='lat' dir='ltr'><strong>confusi</strong></span> <span class='ocrx_word' id='word_1_18' title='bbox 1048 601 1106 669; x_wconf 89' lang='lat' dir='ltr'><strong>pro</strong></span> <span class='ocrx_word' id='word_1_19' title='bbox 1125 577 1225 644; x_wconf 77' lang='lat' dir='ltr'><strong>rudia</strong></span> 
     </span>
     <span class='ocr_line' id='line_1_4' title="bbox 200 673 978 767; baseline -0.004 -25"><span class='ocrx_word' id='word_1_20' title='bbox 200 677 301 757; x_wconf 80' lang='lat' dir='ltr'><strong>ribus,</strong></span> <span class='ocrx_word' id='word_1_21' title='bbox 322 691 352 744; x_wconf 91' lang='lat' dir='ltr'><strong>et</strong></span> <span class='ocrx_word' id='word_1_22' title='bbox 366 675 468 767; x_wconf 72' lang='lat' dir='ltr'><strong>qrro&#39;ad</strong></span> <span class='ocrx_word' id='word_1_23' title='bbox 481 673 682 740; x_wconf 88' lang='lat' dir='ltr'><strong>substantiam</strong></span> <span class='ocrx_word' id='word_1_24' title='bbox 689 675 747 758; x_wconf 62' lang='lat' dir='ltr'><strong>(b),</strong></span> <span class='ocrx_word' id='word_1_25' title='bbox 974 723 978 729; x_wconf 85' lang='grc'><strong>-</strong></span> 
     </span>
    </p>

    <p class='ocr_par' dir='ltr' id='par_1_2' title="bbox 191 763 1226 1052">
     <span class='ocr_line' id='line_1_5' title="bbox 242 763 1225 860; baseline -0.006 -22"><span class='ocrx_word' id='word_1_26' title='bbox 242 772 335 838; x_wconf 74' lang='lat' dir='ltr'><strong>Unde</strong></span> <span class='ocrx_word' id='word_1_27' title='bbox 350 770 416 838; x_wconf 84' lang='lat' dir='ltr'><strong>lraee</strong></span> <span class='ocrx_word' id='word_1_28' title='bbox 429 769 593 860; x_wconf 82' lang='lat' dir='ltr'><strong>ignoraus,</strong></span> <span class='ocrx_word' id='word_1_29' title='bbox 621 769 715 837; x_wconf 88' lang='lat' dir='ltr'><strong>etiam</strong></span> <span class='ocrx_word' id='word_1_30' title='bbox 729 768 795 836; x_wconf 90' lang='lat' dir='ltr'><strong>sine</strong></span> <span class='ocrx_word' id='word_1_31' title='bbox 815 765 870 836; x_wconf 73' lang='lat' dir='ltr'><strong>sud</strong></span> <span class='ocrx_word' id='word_1_32' title='bbox 883 767 993 860; x_wconf 68' lang='lat' dir='ltr'><strong>culpi,</strong></span> <span class='ocrx_word' id='word_1_33' title='bbox 1012 765 1148 834; x_wconf 74' lang='lat' dir='ltr'><strong>invalidi</strong></span> <span class='ocrx_word' id='word_1_34' title='bbox 1167 763 1225 832; x_wconf 63' lang='lat' dir='ltr'><strong>ala*</strong></span> 
     </span>
     <span class='ocr_line' id='line_1_6' title="bbox 191 866 851 946; baseline 0.003 -14"><span class='ocrx_word' id='word_1_35' title='bbox 191 866 382 934; x_wconf 56' lang='lat' dir='ltr'><strong>solveretur,</strong></span> <span class='ocrx_word' id='word_1_36' title='bbox 651 881 655 889; x_wconf 86' lang='lat'>&#39;</span> <span class='ocrx_word' id='word_1_37' title='bbox 752 887 776 930; x_wconf 81' lang='grc'><strong>’.</strong></span> <span class='ocrx_word' id='word_1_38' title='bbox 847 941 851 946; x_wconf 58' lang='grc'><strong>,</strong></span> 
     </span>
     <span class='ocr_line' id='line_1_7' title="bbox 240 951 1226 1052; baseline -0.005 -21"><span class='ocrx_word' id='word_1_39' title='bbox 240 961 434 1031; x_wconf 80' lang='lat' dir='ltr'><strong>Necessitate</strong></span> <span class='ocrx_word' id='word_1_40' title='bbox 448 963 524 1027; x_wconf 77' lang='lat' dir='ltr'><strong>vero</strong></span> <span class='ocrx_word' id='word_1_41' title='bbox 541 959 641 1028; x_wconf 80' lang='lat' dir='ltr'><strong>solim&#39;r</strong></span> <span class='ocrx_word' id='word_1_42' title='bbox 652 957 816 1052; x_wconf 85' lang='lat' dir='ltr'><strong>praecepti&#39;,</strong></span> <span class='ocrx_word' id='word_1_43' title='bbox 836 951 891 1026; x_wconf 85' lang='lat' dir='ltr'><strong>sed</strong></span> <span class='ocrx_word' id='word_1_44' title='bbox 904 955 1013 1032; x_wconf 86' lang='lat' dir='ltr'><strong>itidem</strong></span> <span class='ocrx_word' id='word_1_45' title='bbox 1023 957 1160 1050; x_wconf 85' lang='lat' dir='ltr'><strong>graviter</strong></span> <span class='ocrx_word' id='word_1_46' title='bbox 1174 957 1226 1028; x_wconf 83' lang='lat' dir='ltr'><strong>db·</strong></span> 
     </span>
    </p>

    <p class='ocr_par' dir='ltr' id='par_1_3' title="bbox 199 1055 858 1149">
     <span class='ocr_line' id='line_1_8' title="bbox 199 1055 858 1149; baseline 0 -27"><span class='ocrx_word' id='word_1_47' title='bbox 199 1055 352 1146; x_wconf 87' lang='lat' dir='ltr'><strong>ligantis:</strong></span> <span class='ocrx_word' id='word_1_48' title='bbox 395 1098 417 1118; x_wconf 95' lang='lat'><strong>.-</strong></span> <span class='ocrx_word' id='word_1_49' title='bbox 850 1132 858 1149; x_wconf 28' lang='grc' dir='ltr'><strong><em>ἢ</em></strong></span> 
     </span>
    </p>

    <p class='ocr_par' dir='ltr' id='par_1_4' title="bbox 198 1144 1225 1342">
     <span class='ocr_line' id='line_1_9' title="bbox 243 1144 1225 1241; baseline 0.001 -25"><span class='ocrx_word' id='word_1_50' title='bbox 243 1157 274 1216; x_wconf 91' lang='lat'><strong>1⁰</strong></span> <span class='ocrx_word' id='word_1_51' title='bbox 312 1151 528 1236; x_wconf 83' lang='lat' dir='ltr'><strong>Sacramenta,</strong></span> <span class='ocrx_word' id='word_1_52' title='bbox 556 1175 592 1218; x_wconf 88' lang='lat' dir='ltr'><strong>ea</strong></span> <span class='ocrx_word' id='word_1_53' title='bbox 612 1144 722 1218; x_wconf 86' lang='lat' dir='ltr'><strong>saltem</strong></span> <span class='ocrx_word' id='word_1_54' title='bbox 740 1173 809 1241; x_wconf 86' lang='lat' dir='ltr'><strong>quae</strong></span> <span class='ocrx_word' id='word_1_55' title='bbox 831 1155 973 1216; x_wconf 87' lang='lat' dir='ltr'><strong>tenentur</strong></span> <span class='ocrx_word' id='word_1_56' title='bbox 989 1165 1113 1230; x_wconf 83' lang='lat' dir='ltr'><strong>omnes,</strong></span> <span class='ocrx_word' id='word_1_57' title='bbox 1143 1165 1173 1216; x_wconf 87' lang='lat' dir='ltr'><strong>et</strong></span> <span class='ocrx_word' id='word_1_58' title='bbox 1191 1149 1225 1229; x_wconf 77' lang='lat' dir='ltr'><strong>io</strong></span> 
     </span>
     <span class='ocr_line' id='line_1_10' title="bbox 198 1237 1225 1342; baseline -0.001 -28"><span class='ocrx_word' id='word_1_59' title='bbox 198 1245 379 1342; x_wconf 84' lang='lat' dir='ltr'><strong>particulari</strong></span> <span class='ocrx_word' id='word_1_60' title='bbox 407 1271 476 1338; x_wconf 81' lang='lat' dir='ltr'><strong>quae</strong></span> <span class='ocrx_word' id='word_1_61' title='bbox 490 1247 559 1337; x_wconf 75' lang='lat' dir='ltr'><strong>quis</strong></span> <span class='ocrx_word' id='word_1_62' title='bbox 572 1237 638 1314; x_wconf 92' lang='lat' dir='ltr'><strong>vult</strong></span> <span class='ocrx_word' id='word_1_63' title='bbox 654 1245 810 1338; x_wconf 87' lang='lat' dir='ltr'><strong>recipere,</strong></span> <span class='ocrx_word' id='word_1_64' title='bbox 830 1245 870 1311; x_wconf 87' lang='lat' dir='ltr'><strong>ad</strong></span> <span class='ocrx_word' id='word_1_65' title='bbox 886 1264 982 1336; x_wconf 88' lang='lat' dir='ltr'><strong>eaque</strong></span> <span class='ocrx_word' id='word_1_66' title='bbox 997 1244 1225 1337; x_wconf 87' lang='lat' dir='ltr'><strong>dispositiones.</strong></span> 
     </span>
    </p>

    <p class='ocr_par' dir='ltr' id='par_1_5' title="bbox 198 1335 1226 1718">
     <span class='ocr_line' id='line_1_11' title="bbox 242 1335 1226 1432; baseline 0.001 -26"><span class='ocrx_word' id='word_1_67' title='bbox 242 1348 274 1406; x_wconf 84' lang='lat'><strong>2⁰</strong></span> <span class='ocrx_word' id='word_1_68' title='bbox 297 1341 418 1420; x_wconf 88' lang='lat' dir='ltr'><strong>Omnes</strong></span> <span class='ocrx_word' id='word_1_69' title='bbox 426 1339 571 1408; x_wconf 89' lang='lat' dir='ltr'><strong>articulos</strong></span> <span class='ocrx_word' id='word_1_70' title='bbox 581 1337 722 1431; x_wconf 85' lang='lat' dir='ltr'><strong>Symboli</strong></span> <span class='ocrx_word' id='word_1_71' title='bbox 738 1335 979 1432; x_wconf 83' lang='lat' dir='ltr'><strong>Apostolorum,</strong></span> <span class='ocrx_word' id='word_1_72' title='bbox 994 1337 1104 1406; x_wconf 89' lang='lat' dir='ltr'><strong>saltem</strong></span> <span class='ocrx_word' id='word_1_73' title='bbox 1124 1338 1226 1432; x_wconf 74' lang='lat' dir='ltr'><strong>quoad</strong></span> 
     </span>
     <span class='ocr_line' id='line_1_12' title="bbox 198 1433 1225 1530; baseline 0 -28"><span class='ocrx_word' id='word_1_74' title='bbox 198 1435 473 1520; x_wconf 70' lang='lat' dir='ltr'><strong>substantiamld),</strong></span> <span class='ocrx_word' id='word_1_75' title='bbox 495 1453 549 1502; x_wconf 88' lang='lat' dir='ltr'><strong>seu</strong></span> <span class='ocrx_word' id='word_1_76' title='bbox 564 1461 599 1502; x_wconf 83' lang='lat' dir='ltr'><strong>ea</strong></span> <span class='ocrx_word' id='word_1_77' title='bbox 613 1461 682 1528; x_wconf 82' lang='lat' dir='ltr'><strong>quae</strong></span> <span class='ocrx_word' id='word_1_78' title='bbox 700 1433 881 1530; x_wconf 86' lang='lat' dir='ltr'><strong>simpliciter</strong></span> <span class='ocrx_word' id='word_1_79' title='bbox 910 1443 941 1502; x_wconf 85' lang='lat' dir='ltr'><strong>et</strong></span> <span class='ocrx_word' id='word_1_80' title='bbox 967 1437 1073 1528; x_wconf 75' lang='lat' dir='ltr'><strong>aperte</strong></span> <span class='ocrx_word' id='word_1_81' title='bbox 1103 1434 1225 1526; x_wconf 82' lang='lat' dir='ltr'><strong>signifi·</strong></span> 
     </span>
     <span class='ocr_line' id='line_1_13' title="bbox 198 1529 1225 1622; baseline 0.003 -26"><span class='ocrx_word' id='word_1_82' title='bbox 198 1546 307 1596; x_wconf 85' lang='lat' dir='ltr'><strong>eantur</strong></span> <span class='ocrx_word' id='word_1_83' title='bbox 321 1529 459 1610; x_wconf 89' lang='lat' dir='ltr'><strong>vocibus,</strong></span> <span class='ocrx_word' id='word_1_84' title='bbox 475 1529 519 1596; x_wconf 76' lang='lat' dir='ltr'><strong>iti</strong></span> <span class='ocrx_word' id='word_1_85' title='bbox 531 1546 565 1598; x_wconf 90' lang='lat' dir='ltr'><strong>ut</strong></span> <span class='ocrx_word' id='word_1_86' title='bbox 580 1557 632 1598; x_wconf 92' lang='lat' dir='ltr'><strong>eos</strong></span> <span class='ocrx_word' id='word_1_87' title='bbox 647 1534 720 1598; x_wconf 72' lang='lat' dir='ltr'><strong>ver&#39;e</strong></span> <span class='ocrx_word' id='word_1_88' title='bbox 734 1544 857 1602; x_wconf 86' lang='lat' dir='ltr'><strong>teneant</strong></span> <span class='ocrx_word' id='word_1_89' title='bbox 877 1545 907 1596; x_wconf 88' lang='lat' dir='ltr'><strong>et</strong></span> <span class='ocrx_word' id='word_1_90' title='bbox 924 1529 1109 1622; x_wconf 83' lang='lat' dir='ltr'><strong>intelligant,</strong></span> <span class='ocrx_word' id='word_1_91' title='bbox 1126 1531 1225 1598; x_wconf 84' lang='lat' dir='ltr'><strong>inter-</strong></span> 
     </span>
     <span class='ocr_line' id='line_1_14' title="bbox 200 1623 1224 1718; baseline 0.005 -28"><span class='ocrx_word' id='word_1_92' title='bbox 200 1623 362 1716; x_wconf 83' lang='lat' dir='ltr'><strong>rogatique</strong></span> <span class='ocrx_word' id='word_1_93' title='bbox 377 1625 563 1718; x_wconf 80' lang='lat' dir='ltr'><strong>re&#39;spondere</strong></span> <span class='ocrx_word' id='word_1_94' title='bbox 577 1625 706 1718; x_wconf 79' lang='lat' dir='ltr'><strong>possint.</strong></span> <span class='ocrx_word' id='word_1_95' title='bbox 827 1635 830 1643; x_wconf 79' lang='grc'><strong>“</strong></span> <span class='ocrx_word' id='word_1_96' title='bbox 1222 1629 1224 1636; x_wconf 69' lang='grc'>’</span> 
     </span>
    </p>

    <p class='ocr_par' dir='ltr' id='par_1_6' title="bbox 199 1715 1226 2192">
     <span class='ocr_line' id='line_1_15' title="bbox 241 1715 1225 1814; baseline 0.004 -28"><span class='ocrx_word' id='word_1_97' title='bbox 241 1719 335 1787; x_wconf 78' lang='lat' dir='ltr'><strong>Unde</strong></span> <span class='ocrx_word' id='word_1_98' title='bbox 350 1719 400 1810; x_wconf 89' lang='lat' dir='ltr'><strong>qui</strong></span> <span class='ocrx_word' id='word_1_99' title='bbox 416 1719 482 1786; x_wconf 90' lang='lat' dir='ltr'><strong>haec</strong></span> <span class='ocrx_word' id='word_1_100' title='bbox 497 1721 684 1788; x_wconf 83' lang='lat' dir='ltr'><strong>sufficienter</strong></span> <span class='ocrx_word' id='word_1_101' title='bbox 695 1721 854 1814; x_wconf 84' lang='lat' dir='ltr'><strong>proposita</strong></span> <span class='ocrx_word' id='word_1_102' title='bbox 864 1747 926 1788; x_wconf 88' lang='lat' dir='ltr'><strong>non</strong></span> <span class='ocrx_word' id='word_1_103' title='bbox 941 1715 1086 1803; x_wconf 76' lang='lat' dir='ltr'><strong>credunt,</strong></span> <span class='ocrx_word' id='word_1_104' title='bbox 1105 1735 1165 1788; x_wconf 73' lang='lat' dir='ltr'><strong>aut·</strong></span> <span class='ocrx_word' id='word_1_105' title='bbox 1175 1747 1225 1802; x_wconf 91' lang='lat' dir='ltr'><strong>vo·</strong></span> 
     </span>
     <span class='ocr_line' id='line_1_16' title="bbox 200 1811 1226 1908; baseline 0.006 -30"><span class='ocrx_word' id='word_1_106' title='bbox 200 1811 332 1900; x_wconf 77' lang='lat' dir='ltr'><strong>luntarie</strong></span> <span class='ocrx_word' id='word_1_107' title='bbox 356 1815 394 1881; x_wconf 91' lang='lat' dir='ltr'><strong>de</strong></span> <span class='ocrx_word' id='word_1_108' title='bbox 410 1814 578 1882; x_wconf 78' lang='lat' dir='ltr'><strong>hisaliove</strong></span> <span class='ocrx_word' id='word_1_109' title='bbox 592 1815 730 1908; x_wconf 90' lang='lat' dir='ltr'><strong>quolibet</strong></span> <span class='ocrx_word' id='word_1_110' title='bbox 749 1816 823 1884; x_wconf 86' lang='lat' dir='ltr'><strong>fidei</strong></span> <span class='ocrx_word' id='word_1_111' title='bbox 836 1817 966 1884; x_wconf 90' lang='lat' dir='ltr'><strong>articulo</strong></span> <span class='ocrx_word' id='word_1_112' title='bbox 990 1811 1148 1898; x_wconf 79' lang='lat' dir='ltr'><strong>dubitant,</strong></span> <span class='ocrx_word' id='word_1_113' title='bbox 1176 1815 1226 1884; x_wconf 88' lang='lat' dir='ltr'><strong>vel</strong></span> 
     </span>
     <span class='ocr_line' id='line_1_17' title="bbox 200 1901 1224 2008; baseline 0.001 -29"><span class='ocrx_word' id='word_1_114' title='bbox 200 1909 360 2000; x_wconf 83' lang='lat' dir='ltr'><strong>dubitandi</strong></span> <span class='ocrx_word' id='word_1_115' title='bbox 379 1909 517 2002; x_wconf 85' lang='lat' dir='ltr'><strong>periculo</strong></span> <span class='ocrx_word' id='word_1_116' title='bbox 535 1901 601 1979; x_wconf 82' lang='lat' dir='ltr'><strong>sese</strong></span> <span class='ocrx_word' id='word_1_117' title='bbox 624 1912 788 1983; x_wconf 72' lang='lat' dir='ltr'><strong>temerarie</strong></span> <span class='ocrx_word' id='word_1_118' title='bbox 811 1929 841 1980; x_wconf 89' lang='lat' dir='ltr'><strong>et</strong></span> <span class='ocrx_word' id='word_1_119' title='bbox 864 1913 1042 1985; x_wconf 83' lang='lat' dir='ltr'><strong>notabiliter</strong></span> <span class='ocrx_word' id='word_1_120' title='bbox 1056 1928 1224 2008; x_wconf 83' lang='lat' dir='ltr'><strong>exponunt,</strong></span> 
     </span>
     <span class='ocr_line' id='line_1_18' title="bbox 199 2004 1223 2098; baseline 0.005 -29"><span class='ocrx_word' id='word_1_121' title='bbox 199 2004 370 2086; x_wconf 85' lang='lat' dir='ltr'><strong>audiendo,</strong></span> <span class='ocrx_word' id='word_1_122' title='bbox 390 2033 421 2072; x_wconf 86' lang='lat' dir='ltr'><strong>v.</strong></span> <span class='ocrx_word' id='word_1_123' title='bbox 441 2031 494 2096; x_wconf 82' lang='lat' dir='ltr'><strong>g.,</strong></span> <span class='ocrx_word' id='word_1_124' title='bbox 513 2007 679 2074; x_wconf 80' lang='lat' dir='ltr'><strong>conciones</strong></span> <span class='ocrx_word' id='word_1_125' title='bbox 697 2005 875 2090; x_wconf 87' lang='lat' dir='ltr'><strong>haereticas,</strong></span> <span class='ocrx_word' id='word_1_126' title='bbox 890 2009 1041 2098; x_wconf 84' lang='lat' dir='ltr'><strong>legendo,</strong></span> <span class='ocrx_word' id='word_1_127' title='bbox 1057 2017 1134 2089; x_wconf 76' lang='lat' dir='ltr'><strong>etc,</strong></span> <span class='ocrx_word' id='word_1_128' title='bbox 1149 2023 1223 2098; x_wconf 73' lang='lat' dir='ltr'><strong>gra-</strong></span> 
     </span>
     <span class='ocr_line' id='line_1_19' title="bbox 199 2096 1103 2192; baseline 0.004 -30"><span class='ocrx_word' id='word_1_129' title='bbox 199 2096 486 2192; x_wconf 83' lang='lat' dir='ltr'><strong>viterdclinquunt.</strong></span> <span class='ocrx_word' id='word_1_130' title='bbox 1057 2135 1060 2137; x_wconf 97' lang='lat'>·</span> <span class='ocrx_word' id='word_1_131' title='bbox 1101 2111 1103 2114; x_wconf 83' lang='lat'>&#39;</span> 
     </span>
    </p>
   </div>
   <div class='ocr_carea' id='block_1_2' title="bbox 168 2283 1276 3258">
    <p class='ocr_par' dir='ltr' id='par_1_7' title="bbox 231 2283 1223 2354">
     <span class='ocr_line' id='line_1_20' title="bbox 231 2283 1223 2354; baseline 0.004 -16"><span class='ocrx_word' id='word_1_132' title='bbox 231 2287 267 2352; x_wconf 85' lang='lat' dir='ltr'><strong>(a)</strong></span> <span class='ocrx_word' id='word_1_133' title='bbox 278 2291 376 2339; x_wconf 79' lang='lat' dir='ltr'><strong>Addunt</strong></span> <span class='ocrx_word' id='word_1_134' title='bbox 386 2303 471 2338; x_wconf 88' lang='lat' dir='ltr'><strong>omnes</strong></span> <span class='ocrx_word' id='word_1_135' title='bbox 479 2293 522 2340; x_wconf 86' lang='lat' dir='ltr'><strong>aut</strong></span> <span class='ocrx_word' id='word_1_136' title='bbox 534 2283 585 2340; x_wconf 74' lang='lat' dir='ltr'><strong>lere</strong></span> <span class='ocrx_word' id='word_1_137' title='bbox 596 2303 698 2340; x_wconf 87' lang='lat' dir='ltr'><strong>omnes:</strong></span> <span class='ocrx_word' id='word_1_138' title='bbox 712 2285 736 2342; x_wconf 80' lang='lat' dir='ltr'><strong>ot</strong></span> <span class='ocrx_word' id='word_1_139' title='bbox 747 2291 880 2340; x_wconf 88' lang='lat' dir='ltr'><strong>eriminum</strong></span> <span class='ocrx_word' id='word_1_140' title='bbox 890 2293 1029 2350; x_wconf 67' lang='lat' dir='ltr'><strong>vindicem</strong></span> <span class='ocrx_word' id='word_1_141' title='bbox 1039 2292 1083 2340; x_wconf 87' lang='lat' dir='ltr'><strong>sed</strong></span> <span class='ocrx_word' id='word_1_142' title='bbox 1092 2297 1161 2354; x_wconf 85' lang='lat' dir='ltr'><strong>posse</strong></span> <span class='ocrx_word' id='word_1_143' title='bbox 1172 2297 1223 2354; x_wconf 77' lang='lat' dir='ltr'><strong>pm·</strong></span> 
     </span>
    </p>

    <p class='ocr_par' dir='ltr' id='par_1_8' title="bbox 168 2359 1224 2764">
     <span class='ocr_line' id='line_1_21' title="bbox 199 2359 1178 2424; baseline -0.001 -17"><span class='ocrx_word' id='word_1_144' title='bbox 199 2359 304 2408; x_wconf 82' lang='lat' dir='ltr'><strong>nitentii</strong></span> <span class='ocrx_word' id='word_1_145' title='bbox 314 2361 417 2420; x_wconf 87' lang='lat' dir='ltr'><strong>placari,</strong></span> <span class='ocrx_word' id='word_1_146' title='bbox 429 2361 603 2424; x_wconf 80' lang='lat' dir='ltr'><strong>hominemque</strong></span> <span class='ocrx_word' id='word_1_147' title='bbox 613 2362 743 2420; x_wconf 80' lang='lat' dir='ltr'><strong>iustificari</strong></span> <span class='ocrx_word' id='word_1_148' title='bbox 755 2365 780 2410; x_wconf 86' lang='lat' dir='ltr'><strong>et</strong></span> <span class='ocrx_word' id='word_1_149' title='bbox 789 2363 952 2412; x_wconf 84' lang='lat' dir='ltr'><strong>immortalem</strong></span> <span class='ocrx_word' id='word_1_150' title='bbox 962 2376 1024 2410; x_wconf 88' lang='lat' dir='ltr'><strong>esso.</strong></span> <span class='ocrx_word' id='word_1_151' title='bbox 1130 2379 1146 2406; x_wconf 73' lang='grc' dir='ltr'><strong>ι</strong></span> <span class='ocrx_word' id='word_1_152' title='bbox 1174 2376 1178 2385; x_wconf 94' lang='grc'><em>·</em></span> 
     </span>
     <span class='ocr_line' id='line_1_22' title="bbox 214 2426 1224 2490; baseline 0.007 -16"><span class='ocrx_word' id='word_1_153' title='bbox 214 2429 216 2432; x_wconf 83' lang='lat'>&#39;</span> <span class='ocrx_word' id='word_1_154' title='bbox 228 2429 311 2488; x_wconf 82' lang='lat' dir='ltr'><strong>Aliqui</strong></span> <span class='ocrx_word' id='word_1_155' title='bbox 322 2429 415 2476; x_wconf 91' lang='lat' dir='ltr'><strong>addunt</strong></span> <span class='ocrx_word' id='word_1_156' title='bbox 432 2441 438 2474; x_wconf 77' lang='grc' dir='ltr'><strong>ι</strong></span> <span class='ocrx_word' id='word_1_157' title='bbox 455 2426 535 2476; x_wconf 82' lang='lat' dir='ltr'><strong>Deam</strong></span> <span class='ocrx_word' id='word_1_158' title='bbox 546 2443 599 2477; x_wconf 88' lang='lat' dir='ltr'><strong>esse</strong></span> <span class='ocrx_word' id='word_1_159' title='bbox 616 2432 727 2478; x_wconf 88' lang='lat' dir='ltr'><strong>omnium</strong></span> <span class='ocrx_word' id='word_1_160' title='bbox 741 2434 895 2490; x_wconf 78' lang='lat' dir='ltr'><strong>creatorem,</strong></span> <span class='ocrx_word' id='word_1_161' title='bbox 915 2431 959 2478; x_wconf 90' lang='lat' dir='ltr'><strong>scd</strong></span> <span class='ocrx_word' id='word_1_162' title='bbox 972 2431 1030 2480; x_wconf 85' lang='lat' dir='ltr'><strong>fidei</strong></span> <span class='ocrx_word' id='word_1_163' title='bbox 1043 2434 1188 2489; x_wconf 72' lang='lat' dir='ltr'><strong>noaemariae</strong></span> <span class='ocrx_word' id='word_1_164' title='bbox 1199 2433 1224 2481; x_wconf 89' lang='lat' dir='ltr'><strong>iu</strong></span> 
     </span>
     <span class='ocr_line' id='line_1_23' title="bbox 198 2495 1171 2560; baseline 0.004 -16"><span class='ocrx_word' id='word_1_165' title='bbox 198 2509 257 2545; x_wconf 84' lang='lat' dir='ltr'><strong>eum</strong></span> <span class='ocrx_word' id='word_1_166' title='bbox 267 2509 316 2544; x_wconf 90' lang='lat' dir='ltr'><strong>non</strong></span> <span class='ocrx_word' id='word_1_167' title='bbox 330 2498 411 2546; x_wconf 81' lang='lat' dir='ltr'><strong>obstat</strong></span> <span class='ocrx_word' id='word_1_168' title='bbox 420 2495 485 2558; x_wconf 79' lang='lat' dir='ltr'><strong>quod</strong></span> <span class='ocrx_word' id='word_1_169' title='bbox 499 2499 613 2546; x_wconf 81' lang='lat' dir='ltr'><strong>credatur</strong></span> <span class='ocrx_word' id='word_1_170' title='bbox 624 2513 763 2560; x_wconf 88' lang='lat' dir='ltr'><strong>corporeus.</strong></span> <span class='ocrx_word' id='word_1_171' title='bbox 1164 2535 1171 2548; x_wconf 86' lang='lat'>.</span> 
     </span>
     <span class='ocr_line' id='line_1_24' title="bbox 230 2559 1224 2628; baseline 0.009 -17"><span class='ocrx_word' id='word_1_172' title='bbox 230 2561 264 2626; x_wconf 84' lang='lat' dir='ltr'><strong>(t)</strong></span> <span class='ocrx_word' id='word_1_173' title='bbox 277 2567 332 2613; x_wconf 83' lang='lat' dir='ltr'><strong>Haec</strong></span> <span class='ocrx_word' id='word_1_174' title='bbox 345 2559 480 2614; x_wconf 80' lang='lat' dir='ltr'><strong>communis</strong></span> <span class='ocrx_word' id='word_1_175' title='bbox 493 2570 530 2614; x_wconf 88' lang='lat' dir='ltr'><strong>est</strong></span> <span class='ocrx_word' id='word_1_176' title='bbox 543 2569 673 2616; x_wconf 86' lang='lat' dir='ltr'><strong>sententia.</strong></span> <span class='ocrx_word' id='word_1_177' title='bbox 686 2569 733 2615; x_wconf 85' lang='lat' dir='ltr'><strong>Sed</strong></span> <span class='ocrx_word' id='word_1_178' title='bbox 749 2567 881 2626; x_wconf 81' lang='lat' dir='ltr'><strong>rigidiores</strong></span> <span class='ocrx_word' id='word_1_179' title='bbox 898 2569 955 2618; x_wconf 87' lang='lat' dir='ltr'><strong>sunt</strong></span> <span class='ocrx_word' id='word_1_180' title='bbox 965 2570 1009 2628; x_wconf 83' lang='lat' dir='ltr'><strong>qul</strong></span> <span class='ocrx_word' id='word_1_181' title='bbox 1026 2569 1091 2617; x_wconf 83' lang='lat' dir='ltr'><strong>inter</strong></span> <span class='ocrx_word' id='word_1_182' title='bbox 1109 2571 1224 2620; x_wconf 81' lang='lat' dir='ltr'><strong>articulos</strong></span> 
     </span>
     <span class='ocr_line' id='line_1_25' title="bbox 168 2635 1224 2700; baseline 0.005 -18"><span class='ocrx_word' id='word_1_183' title='bbox 168 2643 175 2660; x_wconf 73' lang='grc'><em>“</em></span> <span class='ocrx_word' id='word_1_184' title='bbox 198 2635 344 2682; x_wconf 83' lang='lat' dir='ltr'><strong>necessitate</strong></span> <span class='ocrx_word' id='word_1_185' title='bbox 362 2637 437 2682; x_wconf 89' lang='lat' dir='ltr'><strong>medii</strong></span> <span class='ocrx_word' id='word_1_186' title='bbox 448 2637 581 2684; x_wconf 84' lang='lat' dir='ltr'><strong>credendos</strong></span> <span class='ocrx_word' id='word_1_187' title='bbox 591 2638 753 2684; x_wconf 80' lang='lat' dir='ltr'><strong>annumeraret</strong></span> <span class='ocrx_word' id='word_1_188' title='bbox 772 2639 996 2695; x_wconf 79' lang='lat' dir='ltr'><strong>raurriectionom,</strong></span> <span class='ocrx_word' id='word_1_189' title='bbox 1018 2639 1186 2700; x_wconf 74' lang='lat' dir='ltr'><strong>ascensionem</strong></span> <span class='ocrx_word' id='word_1_190' title='bbox 1199 2640 1224 2687; x_wconf 87' lang='lat' dir='ltr'><strong>el</strong></span> 
     </span>
     <span class='ocr_line' id='line_1_26' title="bbox 198 2702 1086 2764; baseline 0.002 -16"><span class='ocrx_word' id='word_1_191' title='bbox 198 2702 315 2749; x_wconf 72' lang='lat' dir='ltr'><strong>ultionum</strong></span> <span class='ocrx_word' id='word_1_192' title='bbox 324 2703 457 2751; x_wconf 83' lang='lat' dir='ltr'><strong>adventum</strong></span> <span class='ocrx_word' id='word_1_193' title='bbox 467 2703 571 2763; x_wconf 77' lang='lat' dir='ltr'><strong>Christi,</strong></span> <span class='ocrx_word' id='word_1_194' title='bbox 585 2703 635 2754; x_wconf 74' lang='lat' dir='ltr'><strong>irrui</strong></span> <span class='ocrx_word' id='word_1_195' title='bbox 644 2705 745 2764; x_wconf 88' lang='lat' dir='ltr'><strong>quidam</strong></span> <span class='ocrx_word' id='word_1_196' title='bbox 753 2716 837 2754; x_wconf 82' lang='lat' dir='ltr'><strong>omues</strong></span> <span class='ocrx_word' id='word_1_197' title='bbox 845 2705 963 2752; x_wconf 82' lang='lat' dir='ltr'><strong>articulos</strong></span> <span class='ocrx_word' id='word_1_198' title='bbox 972 2706 1086 2764; x_wconf 79' lang='lat' dir='ltr'><strong>symltoli.</strong></span> 
     </span>
    </p>

    <p class='ocr_par' dir='ltr' id='par_1_9' title="bbox 198 2763 1224 2966">
     <span class='ocr_line' id='line_1_27' title="bbox 229 2763 1223 2832; baseline 0.004 -16"><span class='ocrx_word' id='word_1_199' title='bbox 229 2771 300 2818; x_wconf 87' lang='lat' dir='ltr'><strong>Notat</strong></span> <span class='ocrx_word' id='word_1_200' title='bbox 310 2771 387 2818; x_wconf 86' lang='lat' dir='ltr'><strong>Gollet</strong></span> <span class='ocrx_word' id='word_1_201' title='bbox 397 2768 461 2830; x_wconf 82' lang='lat' dir='ltr'><strong>quod</strong></span> <span class='ocrx_word' id='word_1_202' title='bbox 472 2773 493 2818; x_wconf 89' lang='lat' dir='ltr'><strong>si</strong></span> <span class='ocrx_word' id='word_1_203' title='bbox 503 2774 602 2831; x_wconf 89' lang='lat' dir='ltr'><strong>quidam</strong></span> <span class='ocrx_word' id='word_1_204' title='bbox 612 2773 690 2820; x_wconf 89' lang='lat' dir='ltr'><strong>adulti</strong></span> <span class='ocrx_word' id='word_1_205' title='bbox 699 2770 759 2818; x_wconf 84' lang='lat' dir='ltr'><strong>adeo</strong></span> <span class='ocrx_word' id='word_1_206' title='bbox 771 2771 864 2818; x_wconf 83' lang='lat' dir='ltr'><strong>debiles</strong></span> <span class='ocrx_word' id='word_1_207' title='bbox 875 2763 975 2832; x_wconf 82' lang='lat' dir='ltr'><strong>ingenio</strong></span> <span class='ocrx_word' id='word_1_208' title='bbox 986 2772 1044 2831; x_wconf 84' lang='lat' dir='ltr'><strong>siut,</strong></span> <span class='ocrx_word' id='word_1_209' title='bbox 1055 2776 1083 2820; x_wconf 89' lang='lat' dir='ltr'><strong>ut</strong></span> <span class='ocrx_word' id='word_1_210' title='bbox 1094 2769 1223 2832; x_wconf 86' lang='lat' dir='ltr'><strong>quantrlm·</strong></span> 
     </span>
     <span class='ocr_line' id='line_1_28' title="bbox 199 2839 1224 2903; baseline 0.01 -22"><span class='ocrx_word' id='word_1_211' title='bbox 199 2841 305 2894; x_wconf 84' lang='lat' dir='ltr'><strong>eumque</strong></span> <span class='ocrx_word' id='word_1_212' title='bbox 314 2839 439 2896; x_wconf 87' lang='lat' dir='ltr'><strong>nitantur,</strong></span> <span class='ocrx_word' id='word_1_213' title='bbox 450 2841 602 2898; x_wconf 86' lang='lat' dir='ltr'><strong>nonpossint</strong></span> <span class='ocrx_word' id='word_1_214' title='bbox 616 2839 673 2886; x_wconf 82' lang='lat' dir='ltr'><strong>iidei</strong></span> <span class='ocrx_word' id='word_1_215' title='bbox 684 2841 800 2898; x_wconf 88' lang='lat' dir='ltr'><strong>mysteria</strong></span> <span class='ocrx_word' id='word_1_216' title='bbox 815 2842 958 2900; x_wconf 75' lang='lat' dir='ltr'><strong>percipere,</strong></span> <span class='ocrx_word' id='word_1_217' title='bbox 968 2841 1088 2890; x_wconf 88' lang='lat' dir='ltr'><strong>haberent</strong></span> <span class='ocrx_word' id='word_1_218' title='bbox 1105 2855 1130 2889; x_wconf 91' lang='lat' dir='ltr'><strong>se</strong></span> <span class='ocrx_word' id='word_1_219' title='bbox 1147 2855 1224 2903; x_wconf 83' lang='lat' dir='ltr'><strong>quen·</strong></span> 
     </span>
     <span class='ocr_line' id='line_1_29' title="bbox 198 2899 1178 2966; baseline 0.003 -13"><span class='ocrx_word' id='word_1_220' title='bbox 198 2899 253 2953; x_wconf 84' lang='lat' dir='ltr'><strong>trlm</strong></span> <span class='ocrx_word' id='word_1_221' title='bbox 262 2905 350 2952; x_wconf 83' lang='lat' dir='ltr'><strong>adltoo</strong></span> <span class='ocrx_word' id='word_1_222' title='bbox 360 2908 389 2952; x_wconf 90' lang='lat' dir='ltr'><strong>ut</strong></span> <span class='ocrx_word' id='word_1_223' title='bbox 399 2907 508 2953; x_wconf 86' lang='lat' dir='ltr'><strong>amentes</strong></span> <span class='ocrx_word' id='word_1_224' title='bbox 525 2909 643 2966; x_wconf 89' lang='lat' dir='ltr'><strong>etpueri‚</strong></span> <span class='ocrx_word' id='word_1_225' title='bbox 652 2909 695 2965; x_wconf 88' lang='lat' dir='ltr'><strong>qui</strong></span> <span class='ocrx_word' id='word_1_226' title='bbox 707 2909 759 2954; x_wconf 89' lang='lat' dir='ltr'><strong>siue</strong></span> <span class='ocrx_word' id='word_1_227' title='bbox 770 2909 820 2954; x_wconf 80' lang='lat' dir='ltr'><strong>ulle</strong></span> <span class='ocrx_word' id='word_1_228' title='bbox 832 2912 888 2959; x_wconf 78' lang='lat' dir='ltr'><strong>actu</strong></span> <span class='ocrx_word' id='word_1_229' title='bbox 899 2910 956 2959; x_wconf 84' lang='lat' dir='ltr'><strong>fidei</strong></span> <span class='ocrx_word' id='word_1_230' title='bbox 968 2911 1104 2962; x_wconf 82' lang='lat' dir='ltr'><strong>salvantur.</strong></span> <span class='ocrx_word' id='word_1_231' title='bbox 1147 2953 1151 2962; x_wconf 79' lang='grc'><strong>,</strong></span> <span class='ocrx_word' id='word_1_232' title='bbox 1177 2949 1178 2952; x_wconf 68' lang='grc'>,</span> 
     </span>
    </p>

    <p class='ocr_par' dir='ltr' id='par_1_10' title="bbox 198 2972 1276 3258">
     <span class='ocr_line' id='line_1_30' title="bbox 232 2972 1272 3042; baseline 0.011 -22"><span class='ocrx_word' id='word_1_233' title='bbox 232 2972 263 3036; x_wconf 91' lang='lat' dir='ltr'><strong>(c)</strong></span> <span class='ocrx_word' id='word_1_234' title='bbox 276 2975 305 3023; x_wconf 88' lang='lat' dir='ltr'><strong>Et</strong></span> <span class='ocrx_word' id='word_1_235' title='bbox 315 2975 415 3034; x_wconf 88' lang='lat' dir='ltr'><strong>quidem</strong></span> <span class='ocrx_word' id='word_1_236' title='bbox 426 2977 470 3033; x_wconf 92' lang='lat' dir='ltr'><strong>‚ut</strong></span> <span class='ocrx_word' id='word_1_237' title='bbox 482 2977 563 3034; x_wconf 87' lang='lat' dir='ltr'><strong>patet,</strong></span> <span class='ocrx_word' id='word_1_238' title='bbox 576 2977 692 3025; x_wconf 86' lang='lat' dir='ltr'><strong>idiomata</strong></span> <span class='ocrx_word' id='word_1_239' title='bbox 708 2977 775 3024; x_wconf 87' lang='lat' dir='ltr'><strong>noto.</strong></span> <span class='ocrx_word' id='word_1_240' title='bbox 788 2977 835 3024; x_wconf 88' lang='lat' dir='ltr'><strong>Sed</strong></span> <span class='ocrx_word' id='word_1_241' title='bbox 853 2979 943 3028; x_wconf 88' lang='lat' dir='ltr'><strong>leviter</strong></span> <span class='ocrx_word' id='word_1_242' title='bbox 961 2976 1039 3027; x_wconf 80' lang='lat' dir='ltr'><strong>solim</strong></span> <span class='ocrx_word' id='word_1_243' title='bbox 1060 2983 1162 3040; x_wconf 87' lang='lat' dir='ltr'><strong>peccant</strong></span> <span class='ocrx_word' id='word_1_244' title='bbox 1180 2982 1223 3042; x_wconf 86' lang='lat' dir='ltr'><strong>qut</strong></span> <span class='ocrx_word' id='word_1_245' title='bbox 1270 3034 1272 3040; x_wconf 55' lang='grc'>,</span> 
     </span>
     <span class='ocr_line' id='line_1_31' title="bbox 199 3042 1224 3102; baseline 0.01 -14"><span class='ocrx_word' id='word_1_246' title='bbox 199 3042 312 3102; x_wconf 76' lang='lat' dir='ltr'><strong>ignorant</strong></span> <span class='ocrx_word' id='word_1_247' title='bbox 323 3043 434 3090; x_wconf 87' lang='lat' dir='ltr'><strong>ordinem</strong></span> <span class='ocrx_word' id='word_1_248' title='bbox 447 3044 578 3096; x_wconf 82' lang='lat' dir='ltr'><strong>verborum</strong></span> <span class='ocrx_word' id='word_1_249' title='bbox 589 3047 615 3092; x_wconf 89' lang='lat' dir='ltr'><strong>et</strong></span> <span class='ocrx_word' id='word_1_250' title='bbox 625 3045 794 3098; x_wconf 84' lang='lat' dir='ltr'><strong>articulorum.</strong></span> <span class='ocrx_word' id='word_1_251' title='bbox 805 3047 866 3093; x_wconf 89' lang='lat' dir='ltr'><strong>ltem</strong></span> <span class='ocrx_word' id='word_1_252' title='bbox 881 3049 901 3093; x_wconf 87' lang='lat' dir='ltr'><strong>si</strong></span> <span class='ocrx_word' id='word_1_253' title='bbox 913 3043 992 3094; x_wconf 76' lang='lat' dir='ltr'><strong>solim</strong></span> <span class='ocrx_word' id='word_1_254' title='bbox 1002 3051 1133 3096; x_wconf 73' lang='lat' dir='ltr'><strong>veritatem</strong></span> <span class='ocrx_word' id='word_1_255' title='bbox 1144 3051 1224 3098; x_wconf 89' lang='lat' dir='ltr'><strong>mino-</strong></span> 
     </span>
     <span class='ocr_line' id='line_1_32' title="bbox 198 3111 1224 3170; baseline 0.009 -12"><span class='ocrx_word' id='word_1_256' title='bbox 198 3113 233 3159; x_wconf 87' lang='lat' dir='ltr'><strong>ris</strong></span> <span class='ocrx_word' id='word_1_257' title='bbox 247 3113 375 3170; x_wconf 87' lang='lat' dir='ltr'><strong>momenti,</strong></span> <span class='ocrx_word' id='word_1_258' title='bbox 388 3114 416 3160; x_wconf 90' lang='lat' dir='ltr'><strong>ut</strong></span> <span class='ocrx_word' id='word_1_259' title='bbox 427 3111 558 3160; x_wconf 76' lang='lat' dir='ltr'><strong>descensis</strong></span> <span class='ocrx_word' id='word_1_260' title='bbox 568 3113 656 3161; x_wconf 81' lang='lat' dir='ltr'><strong>Clrrieti</strong></span> <span class='ocrx_word' id='word_1_261' title='bbox 667 3114 698 3160; x_wconf 89' lang='lat' dir='ltr'><strong>ad</strong></span> <span class='ocrx_word' id='word_1_262' title='bbox 707 3113 806 3162; x_wconf 79' lang='lat' dir='ltr'><strong>inieras.</strong></span> <span class='ocrx_word' id='word_1_263' title='bbox 819 3116 897 3164; x_wconf 73' lang='lat' dir='ltr'><strong>Theoi.</strong></span> <span class='ocrx_word' id='word_1_264' title='bbox 912 3119 972 3164; x_wconf 85' lang='lat' dir='ltr'><strong>Pici.</strong></span> <span class='ocrx_word' id='word_1_265' title='bbox 983 3117 1065 3166; x_wconf 77' lang='lat' dir='ltr'><strong>contri</strong></span> <span class='ocrx_word' id='word_1_266' title='bbox 1083 3121 1162 3168; x_wconf 86' lang='lat' dir='ltr'><strong>Callet.</strong></span> <span class='ocrx_word' id='word_1_267' title='bbox 1178 3121 1224 3167; x_wconf 87' lang='lat' dir='ltr'><strong>Vel</strong></span> 
     </span>
     <span class='ocr_line' id='line_1_33' title="bbox 198 3180 1276 3258; baseline 0.011 -32"><span class='ocrx_word' id='word_1_268' title='bbox 198 3180 408 3230; x_wconf 85' lang='lat' dir='ltr'><strong>circumstantiam</strong></span> <span class='ocrx_word' id='word_1_269' title='bbox 425 3181 506 3228; x_wconf 89' lang='lat' dir='ltr'><strong>Pontii</strong></span> <span class='ocrx_word' id='word_1_270' title='bbox 524 3181 597 3230; x_wconf 84' lang='lat' dir='ltr'><strong>Pilati</strong></span> <span class='ocrx_word' id='word_1_271' title='bbox 616 3183 643 3230; x_wconf 87' lang='lat' dir='ltr'><strong>iu</strong></span> <span class='ocrx_word' id='word_1_272' title='bbox 660 3183 786 3244; x_wconf 82' lang='lat' dir='ltr'><strong>passione,</strong></span> <span class='ocrx_word' id='word_1_273' title='bbox 797 3185 908 3232; x_wconf 85' lang='lat' dir='ltr'><strong>tertieove</strong></span> <span class='ocrx_word' id='word_1_274' title='bbox 926 3185 976 3232; x_wconf 89' lang='lat' dir='ltr'><strong>diei</strong></span> <span class='ocrx_word' id='word_1_275' title='bbox 998 3187 1025 3233; x_wconf 91' lang='lat' dir='ltr'><strong>in</strong></span> <span class='ocrx_word' id='word_1_276' title='bbox 1044 3190 1224 3244; x_wconf 75' lang='lat' dir='ltr'><strong>resurrectione</strong></span> <span class='ocrx_word' id='word_1_277' title='bbox 1272 3247 1276 3258; x_wconf 22' lang='lat' dir='ltr'>k</span> 
     </span>
    </p>
   </div>
   <div class='ocr_carea' id='block_1_3' title="bbox 115 3245 1285 3998">
    <p class='ocr_par' dir='ltr' id='par_1_11' title="bbox 115 3245 1285 3998">
     <span class='ocr_line' id='line_1_34' title="bbox 197 3245 1285 3386; baseline 0.008 -92"><span class='ocrx_word' id='word_1_278' title='bbox 197 3247 297 3296; x_wconf 73' lang='lat' dir='ltr'><strong>consu.</strong></span> <span class='ocrx_word' id='word_1_279' title='bbox 313 3246 458 3310; x_wconf 78' lang='lat' dir='ltr'><strong>icipasstrn.</strong></span> <span class='ocrx_word' id='word_1_280' title='bbox 487 3265 491 3274; x_wconf 58' lang='lat'><em>1</em></span> <span class='ocrx_word' id='word_1_281' title='bbox 738 3279 741 3284; x_wconf 76' lang='lat'><strong>,</strong></span> <span class='ocrx_word' id='word_1_282' title='bbox 1226 3245 1285 3386; x_wconf 47' lang='lat' dir='ltr'><strong>Zp</strong></span> 
     </span>
     <span class='ocr_line' id='line_1_35' title="bbox 229 3317 1262 3388; baseline 0.01 -26"><span class='ocrx_word' id='word_1_283' title='bbox 229 3317 302 3368; x_wconf 78' lang='lat' dir='ltr'><strong>Addit</strong></span> <span class='ocrx_word' id='word_1_284' title='bbox 309 3321 394 3366; x_wconf 84' lang='lat' dir='ltr'><strong>Theoi.</strong></span> <span class='ocrx_word' id='word_1_285' title='bbox 404 3319 465 3370; x_wconf 83' lang='lat' dir='ltr'><strong>Pici.</strong></span> <span class='ocrx_word' id='word_1_286' title='bbox 478 3319 589 3368; x_wconf 83' lang='lat' dir='ltr'><strong>sciendas</strong></span> <span class='ocrx_word' id='word_1_287' title='bbox 599 3319 630 3367; x_wconf 91' lang='lat' dir='ltr'><strong>ab</strong></span> <span class='ocrx_word' id='word_1_288' title='bbox 639 3321 753 3368; x_wconf 86' lang='lat' dir='ltr'><strong>omnihus</strong></span> <span class='ocrx_word' id='word_1_289' title='bbox 772 3322 892 3368; x_wconf 88' lang='lat' dir='ltr'><strong>veritates</strong></span> <span class='ocrx_word' id='word_1_290' title='bbox 901 3335 956 3381; x_wconf 72' lang='lat' dir='ltr'><strong>quse</strong></span> <span class='ocrx_word' id='word_1_291' title='bbox 968 3325 1025 3371; x_wconf 88' lang='lat' dir='ltr'><strong>sunt</strong></span> <span class='ocrx_word' id='word_1_292' title='bbox 1035 3321 1232 3388; x_wconf 78' lang='lat' dir='ltr'><strong>fondamentum</strong></span> <span class='ocrx_word' id='word_1_293' title='bbox 1259 3349 1262 3354; x_wconf 79' lang='lat'><strong>,</strong></span> 
     </span>
     <span class='ocr_line' id='line_1_36' title="bbox 199 3379 1247 3454; baseline 0.01 -24"><span class='ocrx_word' id='word_1_294' title='bbox 199 3379 257 3432; x_wconf 72' lang='lat' dir='ltr'><strong>eltze</strong></span> <span class='ocrx_word' id='word_1_295' title='bbox 268 3384 335 3435; x_wconf 72' lang='lat' dir='ltr'><strong>recti</strong></span> <span class='ocrx_word' id='word_1_296' title='bbox 347 3383 515 3447; x_wconf 76' lang='lat' dir='ltr'><strong>lustitueodm3</strong></span> <span class='ocrx_word' id='word_1_297' title='bbox 530 3391 637 3441; x_wconf 87' lang='lat' dir='ltr'><strong>animam</strong></span> <span class='ocrx_word' id='word_1_298' title='bbox 649 3399 701 3436; x_wconf 89' lang='lat' dir='ltr'><strong>esse</strong></span> <span class='ocrx_word' id='word_1_299' title='bbox 713 3391 830 3449; x_wconf 83' lang='lat' dir='ltr'><strong>liberam3</strong></span> <span class='ocrx_word' id='word_1_300' title='bbox 842 3390 926 3437; x_wconf 78' lang='lat' dir='ltr'><strong>omnes</strong></span> <span class='ocrx_word' id='word_1_301' title='bbox 940 3393 1008 3440; x_wconf 86' lang='lat' dir='ltr'><strong>nasci</strong></span> <span class='ocrx_word' id='word_1_302' title='bbox 1027 3395 1129 3451; x_wconf 87' lang='lat' dir='ltr'><strong>peccato</strong></span> <span class='ocrx_word' id='word_1_303' title='bbox 1148 3392 1247 3454; x_wconf 70' lang='lat' dir='ltr'><strong>origi-:l</strong></span> 
     </span>
     <span class='ocr_line' id='line_1_37' title="bbox 199 3453 1223 3519; baseline 0.013 -22"><span class='ocrx_word' id='word_1_304' title='bbox 199 3453 250 3498; x_wconf 85' lang='lat' dir='ltr'><strong>nali</strong></span> <span class='ocrx_word' id='word_1_305' title='bbox 267 3456 419 3516; x_wconf 85' lang='lat' dir='ltr'><strong>inquinatos,</strong></span> <span class='ocrx_word' id='word_1_306' title='bbox 431 3469 459 3507; x_wconf 84' lang='lat' dir='ltr'><strong>aa</strong></span> <span class='ocrx_word' id='word_1_307' title='bbox 479 3454 581 3516; x_wconf 76' lang='lat' dir='ltr'><strong>proinde</strong></span> <span class='ocrx_word' id='word_1_308' title='bbox 601 3459 711 3518; x_wconf 76' lang='lat' dir='ltr'><strong>indigere</strong></span> <span class='ocrx_word' id='word_1_309' title='bbox 723 3459 873 3518; x_wconf 85' lang='lat' dir='ltr'><strong>Baptismate</strong></span> <span class='ocrx_word' id='word_1_310' title='bbox 893 3461 918 3507; x_wconf 86' lang='lat' dir='ltr'><strong>et</strong></span> <span class='ocrx_word' id='word_1_311' title='bbox 936 3459 1124 3519; x_wconf 75' lang='lat' dir='ltr'><strong>gratiiClrrlsti3</strong></span> <span class='ocrx_word' id='word_1_312' title='bbox 1143 3463 1223 3510; x_wconf 83' lang='lat' dir='ltr'><strong>Deum</strong></span> 
     </span>
     <span class='ocr_line' id='line_1_38' title="bbox 199 3523 1223 3588; baseline 0.011 -19"><span class='ocrx_word' id='word_1_313' title='bbox 199 3535 252 3570; x_wconf 86' lang='lat' dir='ltr'><strong>csse</strong></span> <span class='ocrx_word' id='word_1_314' title='bbox 262 3523 381 3584; x_wconf 84' lang='lat' dir='ltr'><strong>omnium,</strong></span> <span class='ocrx_word' id='word_1_315' title='bbox 392 3524 499 3576; x_wconf 80' lang='lat' dir='ltr'><strong>maxim&#39;a</strong></span> <span class='ocrx_word' id='word_1_316' title='bbox 509 3527 629 3574; x_wconf 87' lang='lat' dir='ltr'><strong>bonorum</strong></span> <span class='ocrx_word' id='word_1_317' title='bbox 640 3530 728 3576; x_wconf 86' lang='lat' dir='ltr'><strong>aoimae</strong></span> <span class='ocrx_word' id='word_1_318' title='bbox 737 3529 871 3587; x_wconf 74' lang='lat' dir='ltr'><strong>auctam,</strong></span> <span class='ocrx_word' id='word_1_319' title='bbox 882 3540 960 3588; x_wconf 79' lang='lat' dir='ltr'><strong>eaque</strong></span> <span class='ocrx_word' id='word_1_320' title='bbox 970 3541 1023 3576; x_wconf 86' lang='lat' dir='ltr'><strong>esse</strong></span> <span class='ocrx_word' id='word_1_321' title='bbox 1034 3531 1223 3588; x_wconf 83' lang='lat' dir='ltr'><strong>perorationem</strong></span> 
     </span>
     <span class='ocr_line' id='line_1_39' title="bbox 198 3591 1108 3650; baseline 0.005 -12"><span class='ocrx_word' id='word_1_322' title='bbox 198 3591 353 3650; x_wconf 84' lang='lat' dir='ltr'><strong>postulanda.</strong></span> <span class='ocrx_word' id='word_1_323' title='bbox 636 3625 645 3642; x_wconf 84' lang='lat'><em>.</em></span> <span class='ocrx_word' id='word_1_324' title='bbox 879 3623 882 3628; x_wconf 86' lang='lat'><em>-</em></span> <span class='ocrx_word' id='word_1_325' title='bbox 1079 3601 1108 3622; x_wconf 88' lang='lat'><strong>&#39;-</strong></span> 
     </span>
     <span class='ocr_line' id='line_1_40' title="bbox 229 3654 1222 3728; baseline 0.01 -22"><span class='ocrx_word' id='word_1_326' title='bbox 229 3657 280 3708; x_wconf 77' lang='lat' dir='ltr'><strong>lino</strong></span> <span class='ocrx_word' id='word_1_327' title='bbox 292 3659 384 3708; x_wconf 88' lang='lat' dir='ltr'><strong>addunt</strong></span> <span class='ocrx_word' id='word_1_328' title='bbox 390 3661 475 3708; x_wconf 88' lang='lat' dir='ltr'><strong>itidem</strong></span> <span class='ocrx_word' id='word_1_329' title='bbox 487 3663 562 3721; x_wconf 88' lang='lat' dir='ltr'><strong>aliqui</strong></span> <span class='ocrx_word' id='word_1_330' title='bbox 573 3663 653 3712; x_wconf 85' lang='lat' dir='ltr'><strong>teneri</strong></span> <span class='ocrx_word' id='word_1_331' title='bbox 664 3669 747 3712; x_wconf 83' lang='lat' dir='ltr'><strong>omnes</strong></span> <span class='ocrx_word' id='word_1_332' title='bbox 759 3657 882 3722; x_wconf 75' lang='lat' dir='ltr'><strong>expliciti</strong></span> <span class='ocrx_word' id='word_1_333' title='bbox 889 3665 952 3710; x_wconf 89' lang='lat' dir='ltr'><strong>scire</strong></span> <span class='ocrx_word' id='word_1_334' title='bbox 964 3665 989 3712; x_wconf 87' lang='lat' dir='ltr'><strong>el</strong></span> <span class='ocrx_word' id='word_1_335' title='bbox 998 3654 1222 3728; x_wconf 76' lang='lat' dir='ltr'><strong>eredereqiraeper·</strong></span> 
     </span>
     <span class='ocr_line' id='line_1_41' title="bbox 200 3727 1219 3792; baseline 0.01 -16"><span class='ocrx_word' id='word_1_336' title='bbox 200 3727 280 3779; x_wconf 85' lang='lat' dir='ltr'><strong>tinent</strong></span> <span class='ocrx_word' id='word_1_337' title='bbox 296 3729 437 3792; x_wconf 79' lang='lat' dir='ltr'><strong>adcultum</strong></span> <span class='ocrx_word' id='word_1_338' title='bbox 454 3733 602 3790; x_wconf 88' lang='lat' dir='ltr'><strong>sanctorum,</strong></span> <span class='ocrx_word' id='word_1_339' title='bbox 613 3734 775 3792; x_wconf 87' lang='lat' dir='ltr'><strong>reliquiarum</strong></span> <span class='ocrx_word' id='word_1_340' title='bbox 793 3731 992 3791; x_wconf 88' lang='lat' dir='ltr'><strong>venerationem,</strong></span> <span class='ocrx_word' id='word_1_341' title='bbox 1012 3732 1219 3792; x_wconf 77' lang='lat' dir='ltr'><strong>indulgentiarum</strong></span> 
     </span>
     <span class='ocr_line' id='line_1_42' title="bbox 199 3797 1221 3866; baseline 0.008 -20"><span class='ocrx_word' id='word_1_342' title='bbox 199 3813 281 3860; x_wconf 83' lang='lat' dir='ltr'><strong>usum,</strong></span> <span class='ocrx_word' id='word_1_343' title='bbox 291 3797 424 3860; x_wconf 78' lang='lat' dir='ltr'><strong>purgatorii</strong></span> <span class='ocrx_word' id='word_1_344' title='bbox 436 3799 607 3858; x_wconf 83' lang='lat' dir='ltr'><strong>existentiam,</strong></span> <span class='ocrx_word' id='word_1_345' title='bbox 619 3802 717 3848; x_wconf 80' lang='lat' dir='ltr'><strong>rrrodueo</strong></span> <span class='ocrx_word' id='word_1_346' title='bbox 734 3799 836 3858; x_wconf 75' lang='lat' dir='ltr'><strong>iurandi</strong></span> <span class='ocrx_word' id='word_1_347' title='bbox 847 3799 939 3846; x_wconf 84' lang='lat' dir='ltr'><strong>oniroas</strong></span> <span class='ocrx_word' id='word_1_348' title='bbox 950 3801 976 3847; x_wconf 90' lang='lat' dir='ltr'><strong>in</strong></span> <span class='ocrx_word' id='word_1_349' title='bbox 988 3813 1017 3848; x_wconf 91' lang='lat' dir='ltr'><strong>eo</strong></span> <span class='ocrx_word' id='word_1_350' title='bbox 1028 3801 1157 3862; x_wconf 83' lang='lat' dir='ltr'><strong>detentas,</strong></span> <span class='ocrx_word' id='word_1_351' title='bbox 1166 3809 1221 3866; x_wconf 89' lang='lat' dir='ltr'><strong>qul·</strong></span> 
     </span>
     <span class='ocr_line' id='line_1_43' title="bbox 198 3863 1221 3936; baseline 0.007 -20"><span class='ocrx_word' id='word_1_352' title='bbox 198 3871 245 3916; x_wconf 72' lang='lat' dir='ltr'><strong>lius</strong></span> <span class='ocrx_word' id='word_1_353' title='bbox 253 3868 394 3928; x_wconf 87' lang='lat' dir='ltr'><strong>superaddit</strong></span> <span class='ocrx_word' id='word_1_354' title='bbox 404 3868 502 3928; x_wconf 84' lang='lat' dir='ltr'><strong>Sylvius</strong></span> <span class='ocrx_word' id='word_1_355' title='bbox 512 3868 622 3926; x_wconf 80' lang='lat' dir='ltr'><strong>dogmata</strong></span> <span class='ocrx_word' id='word_1_356' title='bbox 627 3863 682 3928; x_wconf 69' lang='lat' dir='ltr'><strong>riusa</strong></span> <span class='ocrx_word' id='word_1_357' title='bbox 693 3865 775 3930; x_wconf 74' lang='lat' dir='ltr'><strong>contri</strong></span> <span class='ocrx_word' id='word_1_358' title='bbox 784 3867 1033 3928; x_wconf 59' lang='lat' dir='ltr'><strong>gasmutesltaetoses</strong></span> <span class='ocrx_word' id='word_1_359' title='bbox 1043 3866 1131 3932; x_wconf 72' lang='lat' dir='ltr'><strong>sopitis</strong></span> <span class='ocrx_word' id='word_1_360' title='bbox 1141 3867 1154 3922; x_wconf 72' lang='lat' dir='ltr'><strong>lt</strong></span> <span class='ocrx_word' id='word_1_361' title='bbox 1165 3884 1221 3936; x_wconf 82' lang='lat' dir='ltr'><strong>pas·</strong></span> 
     </span>
     <span class='ocr_line' id='line_1_44' title="bbox 115 3933 1087 3998; baseline 0.002 -14"><span class='ocrx_word' id='word_1_362' title='bbox 115 3962 117 3965; x_wconf 92' lang='lat'>·</span> <span class='ocrx_word' id='word_1_363' title='bbox 200 3933 294 3984; x_wconf 83' lang='lat' dir='ltr'><strong>loribus</strong></span> <span class='ocrx_word' id='word_1_364' title='bbox 305 3937 471 3995; x_wconf 64' lang='lat' dir='ltr'><strong>inculcantem</strong></span> <span class='ocrx_word' id='word_1_365' title='bbox 485 3939 510 3998; x_wconf 77' lang='lat' dir='ltr'><strong>et</strong></span> <span class='ocrx_word' id='word_1_366' title='bbox 521 3935 784 3995; x_wconf 86' lang='lat' dir='ltr'><strong>Suarez,sacrificlum</strong></span> <span class='ocrx_word' id='word_1_367' title='bbox 795 3938 883 3985; x_wconf 78' lang='lat' dir='ltr'><strong>ruisset.</strong></span> <span class='ocrx_word' id='word_1_368' title='bbox 960 3963 963 3968; x_wconf 68' lang='lat'><strong>,</strong></span> <span class='ocrx_word' id='word_1_369' title='bbox 1051 3967 1087 3972; x_wconf 38' lang='lat' dir='ltr'><strong><em>w</em></strong></span> 
     </span>
    </p>
   </div>
   <div class='ocr_carea' id='block_1_4' title="bbox 302 4003 1118 4064">
    <p class='ocr_par' dir='ltr' id='par_1_12' title="bbox 302 4003 1118 4064">
     <span class='ocr_line' id='line_1_45' title="bbox 302 4003 1118 4064; baseline 0.006 -6"><span class='ocrx_word' id='word_1_370' title='bbox 302 4023 326 4062; x_wconf 79' lang='lat' dir='ltr'><strong>a.</strong></span> <span class='ocrx_word' id='word_1_371' title='bbox 994 4003 1118 4064; x_wconf 51' lang='lat' dir='ltr'><strong>¹&#39;l&#39;d</strong></span> 
     </span>
    </p>
   </div>
   <div class='ocr_carea' id='block_1_5' title="bbox 0 0 1496 4666">
    <p class='ocr_par' dir='ltr' id='par_1_13' title="bbox 0 0 1496 4666">
     <span class='ocr_line' id='line_1_46' title="bbox 0 0 1496 4666; baseline 0 0"><span class='ocrx_word' id='word_1_372' title='bbox 0 0 1496 4666; x_wconf 95' lang='lat' dir='ltr'><strong> </strong></span> 
     </span>
    </p>
   </div>
  </div>
 </body>
</html>
