2984 4666
174 315 177 318 ·
273 280 340 349 23¹2
546 301 598 348 nn
625 301 760 349 nnrnro
786 297 1029 348 nnmtnn'no·

268 385 419 435 ordinarium
428 383 459 432 ad
469 383 612 433 obtinendas
623 387 712 448 gratias
725 386 756 434 ad
767 387 872 437 salutem
880 387 1039 437 necessarias.
1051 384 1100 434 Sed
1110 384 1213 434 beenon
1227 383 1291 434 indl-

269 456 309 504 cat
319 451 489 501 necessitatem
498 453 574 502 medii
608 451 780 504 rictddictam.
818 503 826 524 s
1075 503 1077 508 .

300 521 334 584 (b)
346 525 382 568 Ex
391 522 555 582 asupiorum,
573 455 675 582 saulis
686 525 773 571 diebus
780 557 788 583 ,
804 519 929 584 praecipue
939 521 1043 570 festivis.
1058 524 1131 570 Deua.
1143 523 1190 568 Vin
1202 517 1290 570 nmor-

268 589 313 640 ult
324 589 436 638 excusari
447 591 563 650 possunt,
573 591 654 651 inquit
663 591 753 639 Paulus
762 593 848 654 bugd,
860 593 955 652 quiper
965 592 1041 638 totam
1053 591 1230 638 hebdomadam
1240 604 1290 640 non

269 659 347 706 orant.
358 658 483 717 Quidquid
493 659 539 718 sit,
550 661 592 720 qui
604 673 690 720 preces
701 657 831 709 consuetas
850 656 922 708 mane
934 659 963 707 et
970 671 1073 720 vespere
1088 660 1216 720 negligunt
1226 691 1234 720 ,
1244 671 1291 708 saar

267 721 368 786 pissime
376 727 426 772 alia
435 727 546 785 graviora
556 729 720 777 committunt.

254 818 257 827 =
299 793 331 856 (c)
339 796 404 858 ¹ltcnt
414 792 510 854 quanto
519 796 696 847 homotenelur
705 809 731 844 se
740 795 884 856 justificare,
896 797 921 844 et
932 796 958 842 in
966 795 1096 844 manifesto
1107 793 1218 855 periculo
1227 807 1290 843 mer-

267 863 308 910 tis.
320 861 421 922 Quando
430 865 506 914 oratio
519 865 645 913 videbitur
655 878 708 913 esse
720 866 828 913 medion
837 861 913 924 magis
924 865 1087 922 conveniens,
1097 866 1125 912 ut
1133 865 1290 912 succurratur

266 933 421 991 necessitati,
432 929 539 988 maxime
551 935 674 993 spirituali
685 937 772 981 nostrae
790 937 832 982 aut
844 934 958 994 proximi.
970 936 1043 980 Dens.
1051 929 1152 992 Quandd
1163 935 1290 993 proximus

267 1000 294 1047 in
302 999 331 1048 eia
343 1001 488 1048 constitutus
498 1003 535 1048 est
545 1001 705 1061 necessitate,
717 1003 743 1048 in
753 1000 801 1062 quai
819 1003 899 1062 polest
909 1004 935 1048 et
946 1001 1019 1048 debet
1030 1003 1234 1063 precibusjuvari
1241 1002 1250 1061 ,'
1261 1005 1288 1050 ut

266 1063 377 1142 siquis'a
388 1069 470 1116 duello
480 1069 573 1116 retrahi
584 1071 704 1129 nequeat3
714 1070 794 1116 forsan
804 1071 871 1117 enim
881 1069 996 1130 precibus
1007 1061 1126 1116 aeneum
1141 1070 1200 1118 lusis
1210 1075 1289 1118 retra·

268 1137 349 1185 betur.
360 1133 419 1185 clim
430 1149 547 1196 regnum,
558 1139 732 1196 communitas,
751 1138 810 1185 urbs
827 1138 854 1186 in
864 1146 952 1197 magno
963 1138 1073 1198 periculo
1086 1139 1217 1188 constituta
1234 1141 1288 1199 est;

255 1207 340 1268 ¹aliter
350 1209 417 1264 enirn
427 1201 500 1268 quam
508 1219 559 1266 per
568 1219 654 1267 preces
665 1207 730 1255 Deus
738 1219 788 1254 non
796 1207 850 1259 vult
860 1207 976 1256 liberare.
984 1207 1024 1256 Sic
1034 1203 1124 1267 passim
1134 1209 1255 1256 auctores.

234 1444 241 1455 ,
308 1366 885 1452 268.1Deumsolnmoraredrbcmns,
902 1370 1288 1466 tanqubmhonommom·

265 1465 352 1534 nium
365 1481 533 1534 auctorem.
545 1464 618 1539 ,sed
633 1479 752 1534 sanctos
769 1463 886 1532 utiliter
897 1463 1076 1532 invocamus
1095 1480 1130 1533 ut
1144 1463 1288 1536 interces-

266 1585 351 1630 sores
361 1557 429 1647 (o);
447 1559 512 1628 imo
526 1556 665 1626 homines
678 1558 781 1627 adhuc
795 1559 931 1628 viventes
943 1561 1003 1644 (b).
1018 1591 1022 1606 r
1067 1591 1069 1596 v
1086 1619 1089 1624 .

281 1803 284 1810 ,
298 1750 334 1814 (o)
343 1749 496 1812 Praeceptum
505 1760 558 1812 csse
568 1748 683 1798 invocare
690 1749 786 1800 sanctos
799 1746 876 1810 aliqui
884 1747 979 1798 nolunt.
997 1748 1045 1796 Sed
1055 1761 1106 1820 non
1114 1748 1175 1799 dicit
1183 1749 1288 1799 iriden-
1312 1719 1317 1730 ι

266 1819 500 1968 tlilllnllempneros
509 1885 655 1948 baptismate
666 1882 763 1944 tinctos,
770 1879 788 1959 1ὲ
797 1881 849 1934 riti
859 1879 916 1933 anti
923 1883 1026 1932 rationis
1032 1883 1105 1932 usiam
1113 1885 1219 1946 creptos.
1231 1889 1286 1936 cot-

266 1949 521 2086 ¹‘et’Sequhiliiaiilgilbus·
532 2021 559 2070 ln
568 1984 866 2085 purgatoriodegentibus,
878 2009 1044 2070 dubitaturan
1054 2021 1147 2083 possint
1156 2035 1201 2082 pro
1212 2023 1283 2084 nobis

265 2092 433 2150 intercedere,
448 2103 477 2138 ac
496 2087 600 2151 proinde
615 2103 650 2140 an,
659 2084 780 2151 possimus
796 2102 838 2138 cas
853 2090 882 2138 ut
895 2091 1068 2138 lntcrcessores
1080 2089 1209 2140 invocare.
1227 2095 1286 2140 cen·

264 2159 373 2277 {iiiiii
386 2157 500 2208 Ecclesia
519 2159 547 2206 in
562 2159 676 2240 omnibus
696 2157 847 2220 annulanda,
867 2169 917 2208 nort
933 2158 982 2208 lert
993 2157 1059 2227 qubd
1074 2171 1118 2262 eas
1133 2160 1285 2210 invocantis.

217 2476 224 2492 η
307 2394 379 2481 269.
397 2389 562 2464 Orandum
576 2405 623 2458 est
636 2413 694 2483 pro
715 2369 857 2458 omnihus
880 2387 1076 2472 hominibus,
1101 2406 1130 2459 et
1144 2417 1204 2485 pro
1222 2391 1286 2461 ani.

264 2485 372 2555 mabus
386 2484 419 2552 in
430 2485 611 2581 purgatorio
625 2481 774 2566 dctcntis,
792 2497 912 2550 servato
926 2482 1035 2550 ordine
1049 2483 1221 2560 charitatis,

712 2610 826 2624 ,.—--

306 2660 380 2760 apos
396 2671 509 2741 Oratio
523 2666 624 2737 debiti
638 2665 721 2734 facta
734 2664 900 2749 satisfacit,
910 2737 913 2742 p
923 2681 1076 2746 merctur,
1096 2681 1126 2735 ct
1140 2666 1285 2764 impetrat

263 2765 484 2848 infallibiliter,
498 2763 548 2844 rel
562 2763 796 2856 quaepctimus,
815 2761 869 2838 vcl
884 2759 1115 2856 aequivalentia‚
1139 2765 1283 2858 quando,

263 2863 370 2946 saltem
382 2885 440 2954 pro
454 2857 541 2952 nobis
556 2859 624 2943 (a),
641 2857 774 2952 petimus
789 2859 829 2926 ad
843 2857 974 2930 salutem
988 2859 1200 2959 conducentia.
1263 2880 1266 2885 ·

294 3047 329 3107 (a)
340 3048 400 3094 llam
407 3045 558 3107 probabilius
571 3044 670 3106 ridetur
687 3045 795 3094 iructum
808 3041 927 3096 orationis
937 3048 1013 3096 etiam
1021 3044 1069 3096 ritd
1078 3047 1198 3106 lactaepro
1209 3049 1291 3106 aliis,

262 3129 311 3168 non
321 3117 421 3164 evenire
433 3115 607 3174 infallibiliter,
619 3116 676 3174 quia
688 3117 750 3164 certi
761 3111 946 3164 nonsumuseos
955 3117 1013 3164 huic
1025 3116 1117 3164 fructui
1127 3115 1222 3162 obicem
1232 3112 1291 3208 non,

261 3197 361 3248 ponere.
376 3184 462 3232 Contra
472 3184 555 3232 tamen
563 3183 672 3233 sentiunt
683 3183 727 3230 alii
737 3195 794 3230 cum
804 3184 898 3242 Collet,
909 3185 948 3231 his
956 3184 1054 3233 innixis
1072 3183 1233 3244 Quodcumque
1243 3197 1284 3245 pra¹

261 3249 872 3310 castrametantemvoluntatatemeaaoattooc.
1131 3275 1134 3282 ‹
1283 3249 1288 3284 ¹

290 3321 351 3374 licta
362 3333 370 3366 r
380 3321 496 3368 Peccator
506 3332 652 3380 permanens
662 3321 689 3366 in
699 3318 788 3366 allecta
797 3319 892 3379 peceati
902 3317 1012 3366 mortalis
1022 3331 1072 3367 non
1089 3320 1214 3380 impetrat.
1234 3323 1281 3370 lni-

166 3437 169 3440 .
262 3391 528 3452 naturamnaturaim
546 3390 612 3438 corde
622 3401 687 3446 meo,
700 3399 748 3434 noa
762 3389 871 3435 exaudiet
881 3388 1005 3435 Dominae.
1016 3390 1090 3437 Dens.
1104 3389 1215 3450 Deponat
1224 3383 1291 3448 erpo

262 3469 326 3512 mule
336 3457 609 3520 mercamentum
621 3457 730 3520 postulet
738 3455 843 3518 aratiam
853 3455 925 3508 tuan
934 3454 1085 3522 deponendi..
