2948 4676
507 371 510 378 ·
541 351 851 418 rmnrrrnrln.
1166 366 1212 442 sp

180 451 311 500 ’timoratis
320 454 405 498 aulem
415 439 558 511 menter
568 450 741 500 renitentibus
750 451 843 502 srlielt
855 445 980 504 meatem
990 455 1110 514 animant
1120 457 1211 517 tahal

181 519 311 580 peccarent
325 518 476 578 mortaliter,
487 519 617 580 peceatum
627 531 724 580 semper
734 533 785 580 prae
795 520 873 571 oeulis
884 521 1016 572 haberent.

210 587 256 637 lile
266 587 425 648 quaerituran
435 587 535 647 peecata
546 589 654 636 seribere
665 589 793 648 teneatur,
804 589 824 636 si
836 589 925 650 possit,
937 589 980 650 qul
992 589 1121 638 existimat
1136 603 1162 640 se
1173 593 1211 644 le·

179 656 381 715 tirallsalieulus,
393 656 419 704 in
430 657 585 705 accusatione
597 670 645 706 non
656 659 842 706 recordaturum
854 658 959 706 ii’iures
973 659 1062 706 volunt
1076 661 1104 707 el
1117 659 1150 707 ad
1164 660 1211 708 hoe

179 726 274 776 suillelt
281 722 352 786 juxti
363 727 454 776 Suarer
462 727 490 776 ut
500 727 587 776 timeat
595 725 648 778 nee
660 727 778 780 memorii
789 729 903 788 exornatr
919 729 984 778 ratio
994 740 1081 779 eorum
1094 729 1135 782 est
1143 729 1212 796 quiid

180 791 288 844 debeant
298 796 388 843 assumi
398 795 492 854 media,
504 798 554 844 etc.

147 898 149 905 .
212 864 260 911 alii
271 865 357 912 dieunt
367 863 442 911 talem
457 876 510 912 non*
525 876 578 912 esse
591 855 852 926 praximJ'neqnidern
861 859 1047 914 itinioralorurn.
1058 865 1146 914 Praxis
1156 865 1211 914 heae

91 992 95 1001 Ι
179 934 333 993 diligentiam
354 933 470 992 supponit
487 934 637 994 exquisitam
647 933 679 980 aa
695 947 769 993 qnam
780 947 853 984 nenio
863 936 978 994 tenetur3
994 931 1094 986 aliunde
1107 935 1211 989 ealdan

180 1002 317 1064 exponeret
327 1001 436 1062 periculo
448 1001 635 1060 diffamationis,
647 1001 680 1048 et.
692 997 728 1049 lt'a
739 1002 847 1062 Sylvius,
857 1004 975 1062 Biliuart,
987 1005 1037 1051 ete.
1241 1037 1244 1044 .

209 1071 287 1118 Priori
298 1070 426 1118 sententias
438 1066 563 1118 lubentius
574 1070 736 1129 adhaererem
748 1072 806 1132 quia
817 1071 860 1131 qui
872 1073 972 1118 tenetur
982 1072 1013 1118 ad
1023 1071 1098 1120 smera
1108 1071 1211 1124 teretur

179 1137 211 1185 all
220 1138 316 1196 media,
328 1151 382 1197 qum
393 1139 450 1185 sunl-
460 1139 487 1185 in
501 1137 545 1185 sul
563 1139 693 1198 potestate.
704 1139 799 1188 Nollem
809 1140 892 1188 minen
903 1139 1001 1200 praxim
1012 1139 1075 1188 hane
1087 1139 1132 1186 uili
1147 1153 1210 1200 prae-

173 1209 272 1268 ripere.
283 1202 390 1256 Facilius
401 1208 588 1255 crederesneum
597 1208 674 1255 collos
685 1208 823 1255 versantem
835 1209 862 1254 in
872 1207 983 1268 periculo
991 1209 1093 1268 peecata
1107 1208 1211 1256 oblivis-

180 1278 250 1325 cendi
260 1276 340 1324 teneri
351 1270 425 1323 eiilris
434 1287 463 1323 ea
474 1275 600 1336 eoniiierij,
611 1277 654 1324 aut
665 1276 774 1324 seribere
788 1277 874 1336 brevi,
886 1277 912 1324 et
924 1276 1030 1324 cuilibet
1042 1277 1087 1324 alii
1098 1269 1210 1338 inexpli-

180 1346 254 1394 eaisiii
266 1345 348 1394 inodo.
436 1345 439 1352 '

211 1413 245 1477 (ir)
256 1413 303 1461 Seli
315 1409 374 1462 niam
387 1425 449 1461 nova
460 1412 538 1462 danda
549 1411 670 1460 absolutio
681 1411 701 1460 si
712 1411 794 1460 sillem
805 1412 950 1462 confessario
961 1409 975 1460 ir
986 1423 1034 1476 quo
1045 1415 1100 1476 qula
1111 1408 1209 1462 absoiu-

180 1484 220 1530 tus
231 1483 283 1541 est,
302 1483 379 1530 oblita
397 1483 472 1530 etiam
491 1479 845 1540 sratimlerlarenturerlepat
858 1483 950 1540 collet,
970 1483 1065 1530 nullam
1085 1481 1209 1530 atterendo

181 1551 315 1608 rationem,
327 1551 369 1598 seri
379 1549 422 1598 hie
435 1547 493 1598 san'e
507 1549 596 1597 duetus
606 1547 811 1615 quiepeeeatum
822 1550 953 1596 remissum
962 1550 995 1596 sit
1003 1549 1094 1598 assatis
1102 1549 1135 1597 slt
1146 1549 1210 1597 illud

183 1619 293 1667 alaribus
303 1619 432 1678 subjicere.
444 1619 572 1666 Affirmant
582 1619 625 1666 alii
640 1617 727 1666 saitem
738 1619 836 1680 utquid
847 1615 932 1668 iutiirs.
945 1620 985 1666 Sic
1000 1619 1106 1666 collator
1116 1618 1207 1680 andeg,

182 1687 247 1736 'l'aiis
256 1689 292 1736 est
310 1688 406 1750 praxis,
421 1689 536 1748 inquiunt
547 1689 590 1734 alii
601 1689 626 1735 et
637 1688 707 1736 illam
722 1690 863 1748 supponunt
873 1691 898 1735 Ρ.
910 1689 970 1736 Gab.
983 1689 1054 1748 Ant,
1065 1689 1095 1734 l).
1108 1689 1171 1736 nrm
1182 1687 1209 1736 et

181 1755 257 1806 theol,
269 1757 329 1806 niet.
341 1759 370 1806 ut
380 1755 478 1818 nempe,
487 1758 523 1806 ait
533 1757 588 1816 iste,
600 1757 723 1820 poenitens
733 1753 747 1806 ir
758 1759 859 1818 peceato
867 1758 956 1805 omisso
964 1751 1048 1806 directi
1058 1757 1207 1808 asservatur.

210 1827 267 1876 itota
279 1841 286 1874 r
300 1827 331 1876 ad
340 1839 445 1876 examen
455 1825 595 1874 iaciendum
608 1821 672 1886 soepir
683 1825 825 1874 remittendi
837 1827 879 1888 qui
891 1827 955 1874 illnei
965 1827 1004 1874 rel
1016 1837 1084 1886 non,
1100 1826 1141 1872 vei
1151 1837 1208 1886 seg-

180 1897 246 1945 niter
255 1897 381 1955 iecerunt,
392 1896 439 1943 nisi
460 1893 536 1942 rudes
545 1895 608 1954 sint,
618 1898 681 1954 ele,
694 1895 735 1942 rei
749 1895 797 1942 nisi
813 1895 844 1942 de
859 1895 905 1942 irio
920 1891 1070 1954 negligentia
1082 1894 1170 1942 moniti
1181 1893 1208 1942 et

180 1978 235 2021 eam
246 1977 302 2014 eum
309 1966 392 2013 dolore
398 1965 541 2014 cantitantes
549 1965 643 2026 possint
653 1975 699 2026 ope
711 1963 851 2018 ¹roniessarii
862 1965 1037 2012 conscientiam
1047 1961 1087 2010 iris
1099 1963 1130 2012 et
1139 1973 1207 2010 nune

180 2033 331 2086 tuiireienter
346 2033 483 2092 discutere,
494 2031 559 2093 quod
573 2027 697 2080 ordinarie
711 2031 911 2091 praesumendam
928 2043 975 2078 non
987 2033 1040 2090 est,
1052 2031 1084 2077 lie
1090 2031 1208 2090 pluribus

180 2092 280 2161 saliem
292 2103 400 2150 attamen
411 2102 529 2150 charitate
542 2099 679 2162 iulgenteru
688 2099 802 2151 ostendet
811 2113 837 2147 se
846 2099 1024 2159 confessarius,
1034 2099 1120 2148 multis
1132 2100 1157 2146 in
1166 2111 1207 2146 ea·

180 2170 263 2236 tibus,
276 2171 297 2218 si
308 2183 349 2218 eos
360 2169 390 2218 de
401 2171 509 2231 pereatis
520 2171 655 2230 interroget
665 2169 691 2216 et
701 2169 813 2216 remittat
821 2164 926 2228 benigni
938 2169 968 2214 ad
979 2168 1054 2216 breve
1064 2169 1171 2227 tempus,
1178 2168 1207 2227 lli

180 2235 284 2294 altariis
295 2239 421 2300 inquirant
431 2239 562 2299 diligenter
572 2238 664 2298 quaein
675 2237 907 2303 interrogationibus
920 2231 983 2294 iasii
997 2235 1206 2299 iueruutomissa,

181 2303 748 2382 amatquenonsatexaelerespanderullt·

661 2475 722 2543 sin

224 2645 276 2711 68.
294 2641 431 2710 sircam
445 2641 486 2714 sit
496 2639 659 2710 confessio.

222 2736 401 2831 Saepissime
417 2735 615 2805 confessionis
633 2735 784 2804 validitati
794 2734 896 2808 obstat
905 2736 1091 2829 sineeritetit
1102 2733 1206 2805 deter-

180 2847 240 2913 tus,
252 2831 350 2924 qualis
363 2832 466 2902 inillis
478 2832 532 2924 qui
543 2833 940 2926 contrementemellrgam
954 2857 991 2904 ee
999 2855 1068 2924 quse
1079 2844 1206 2924 peccata

110 3000 112 3004 ⁸
180 2926 313 2993 mullum
323 2927 462 2995 minuunt
477 2929 540 3012 (a).

221 3020 265 3090 Et
278 3021 445 3092 sinceritati
469 3022 605 3116 graviter
615 3021 807 3094 eontrarium
820 3039 901 3094 esset
919 3022 1058 3097 confiteri
1072 3021 1138 3094 sine
1151 3045 1205 3098 lle

177 3117 320 3186 cessitate
336 3133 365 3188 et
379 3120 511 3188 scienter
526 3120 610 3214 apud
633 3120 712 3188 adei)
724 3119 920 3218 imperitum,
937 3138 972 3191 ut
985 3119 1205 3190 conscientiam

177 3213 351 3303 dijudicare
363 3216 519 3309 nequirem
532 3217 582 3285 vei
592 3241 655 3284 non
669 3216 989 3312 explicarepeecatuna
1001 3218 1087 3306 cnjus
1102 3213 1213 3306 gravi-.
1281 3292 1286 3301 ,

177 3323 273 3378 tatem
283 3310 488 3381 confessarius
501 3338 568 3380 non*
577 3327 624 3380 sat
635 3329 832 3403 cognosceret
846 3317 907 3401 (l).

219 3403 378 3474 Caeierr'rm
388 3407 522 3491 secluso,
534 3407 589 3500 qui
602 3411 684 3500 saep'e
698 3422 760 3489 est,
778 3433 883 3478 errore
896 3407 1103 3489 conscientie,
1118 3429 1204 3474 mella

160 3495 301 3569 ‘dacium
314 3500 382 3571 leve
397 3504 442 3586 (c)
457 3503 540 3570 eire'a
551 3501 715 3570 materiam
733 3503 774 3570 ad
795 3503 1019 3574 confessionem
1029 3502 1203 3570 nullatenus
1269 3545 1278 3566 .

179 3595 227 3664 vel
247 3621 310 3664 non
329 3596 363 3664 in
383 3598 515 3666 materii
537 3596 691 3666 essentiali
716 3598 939 3692 pertinentem,
959 3627 991 3665 v.
1004 3624 1058 3688 g.,
1080 3593 1203 3685 negatio

179 3691 296 3786 peceati
308 3691 436 3765 venialis
446 3708 499 3761 aut
511 3691 651 3761 mortalis
666 3694 731 3784 jaim
741 3693 864 3762 remissi
873 3747 880 3776 ,
889 3718 951 3760 non
965 3707 1054 3759 nocet
1066 3690 1203 3783 graviter

178 3786 378 3858 consessionis
389 3786 556 3856 sinceritati
570 3813 626 3872 nee
651 3799 875 3856 sacramentum
898 3779 1202 3868 invalidomieddis,

179 3886 265 3951 extr'a
286 3904 393 3952 casnm
407 3897 510 3952 tamen
529 3907 590 3976 qno
603 3883 736 3954 muitum
758 3883 939 3956 maiessarii
955 3883 1114 3955 interesset
1135 3905 1201 3953 rena

282 3991 307 4072 r·
739 4047 742 4056 f
1085 3973 1103 4044 i
