2984 4666
177 355 185 360 “
265 337 345 418 nuli
540 368 595 418 nn
619 347 760 418 caluo
787 363 1057 446 radonem,

527 623 530 628 ¹
644 672 938 740 funnnnnrx,

499 879 536 914 nn
550 877 774 919 coornuurroun
788 875 931 909 raecum
943 875 1073 910 auram.
1100 867 1103 872 ’

209 1070 232 1079 ·-
314 1035 386 1100 261.
406 1029 608 1098 Vanrr'modi
622 1026 897 1122 peccatisalieuis,
916 1024 1298 1122 sire'positivd,.'sirene·

192 1173 197 1186 ·
270 1127 373 1217 gativb
389 1124 590 1219 cooperandi,
609 1125 819 1212 sunt[572]:
903 1163 905 1168 ·
1036 1150 1039 1154 ·
1235 1119 1238 1124 ’

353 1221 478 1300 Jussio,
497 1217 681 1298 consilium,
708 1239 891 1296 consensus,
908 1217 1028 1306 palpo,
1056 1239 1218 1296 recursus,

355 1314 583 1401 Participuns,
599 1323 719 1390 mutus,
733 1337 796 1381 non
812 1315 959 1391 obstans,
974 1333 1038 1380 non
1052 1311 1272 1404 manifestans.

294 1405 433 1490 dumeto,
449 1433 504 1476 seu
517 1408 715 1490 mandatum,
731 1407 797 1475 sive
809 1431 987 1500 expressum
1001 1406 1056 1488 sit,
1067 1405 1140 1474 sive
1152 1405 1297 1488 tacitum

1 1576 2 1584 ἵ
77 1522 83 1534 ’
161 1530 180 1573 r,
270 1504 362 1598 quale
376 1503 538 1576 concilium
552 1501 804 1582 frarrdulenturn3
820 1502 912 1596 quale
928 1502 1022 1574 etiam
1036 1501 1155 1573 dictum
1174 1501 1225 1572 vel
1238 1501 1312 1590 lac-l

270 1615 337 1670 tum
346 1599 527 1696 superioris,
541 1624 578 1665 cx
589 1622 651 1690 quo
662 1598 858 1668 concluderet
868 1598 997 1666 inferior
1008 1613 1135 1688 gratum
1142 1597 1203 1694 ipsi
1212 1598 1300 1682 fore,

270 1693 297 1762 si
310 1699 472 1788 peccatum
499 1692 561 1760 tale
576 1691 796 1770 committeret.
1213 1695 1216 1700 '
1279 1673 1311 1752 l

310 1787 497 1865 Consilium,
514 1787 554 1855 ad
567 1787 653 1880 quod
667 1801 855 1857 revocantur,
864 1810 988 1880 preces,
1002 1785 1237 1878 promissiones.

310 1882 355 1950 Et
369 1882 498 1952 consulit
512 1881 566 1976 qui
578 1882 696 1949 motiva
708 1879 854 1974 proponit
865 1879 1021 1960 utilitatis,
1037 1879 1167 1946 honoris
1174 1915 1187 1960 ·,1
1199 1879 1299 1948 delec-

269 1976 412 2061 tationis,
429 1993 502 2057 etc,
519 1976 573 2070 qui
586 1973 766 2046 facilitatem
776 1971 931 2051 ostendit;
950 1973 1005 2065 q‘ui
1019 1973 1158 2066 suggerit
1167 1972 1298 2072 impuni-
1391 2060 1394 2064 ,

269 2088 548 2154 tatem,monstrat
560 2069 643 2154 viam
655 2067 706 2138 vel
719 2069 849 2145 modum
860 2068 1006 2137 faciendi.
1265 2107 1270 2117 =

311 2167 356 2236 Et
369 2172 388 2235 b
401 2167 526 2234 fortiori
539 2166 594 2260 qui
606 2165 719 2234 falsam
733 2163 907 2232 doctrinam
927 2165 1029 2234 docet,

313 2269 504 2342 Contentus,
518 2287 573 2336 seu
583 2285 723 2330 assensus
734 2259 799 2328 sive
807 2258 962 2346 internus,
979 2261 1044 2342 slve
1057 2257 1309 2354 externus'quem-

270 2357 389 2450 praebet
403 2357 472 2449 quis
485 2355 611 2451 peccato
621 2353 760 2422 alterius.
1209 2371 1212 2377 “

312 2451 415 2538 Palpo
430 2477 500 2520 eum
514 2453 639 2519 denotat
654 2447 731 2556 qni,
740 2445 867 2541 plausu,
881 2448 1043 2533 laudibus,
1060 2447 1299 2546 exprobratiolri·

154 2566 157 2570 ’
271 2549 347 2624 bus,
362 2545 574 2628 irrisionibus,
588 2544 766 2636 vituperas,
787 2543 1084 2634 murmurationibus
1094 2543 1299 2628 ,susurratio

271 2643 361 2712 nibus
369 2646 385 2727 ,¹
393 2641 540 2731 injuriam
556 2627 787 2732 exaggerando,
805 2653 884 2722 etc,
900 2639 940 2706 ad
955 2639 1249 2732 peccatum‘incitat.

312 2737 393 2808 Item
404 2737 458 2832 qui
467 2735 546 2804 illud
558 2735 726 2830 approbat,
741 2763 772 2802 v.
790 2739 842 2827 g„
857 2733 975 2822 judicia
984 2730 1300 2820 temeraria„detrac·

271 2833 388 2917 tiones,
402 2849 510 2928 turpes
523 2831 680 2925 loquelas,
697 2831 837 2924 quamvis
851 2855 914 2898 non
927 2829 1071 2901 interius.
1106 2891 1108 2898 .
1197 2903 1199 2908 ,

313 2936 466 2996 Recursus
480 2928 606 2996 denotat
621 2952 692 2994 euru
704 2926 775 3019 qui,
791 2930 862 2994 ant‘c
876 2926 926 2996 vel
940 2942 1011 3036 post
1030 2943 1189 3021 peccatum
1198 2981 1211 3014 ,v
1224 2919 1303 3022 pec-
1317 2930 1319 2939 '

273 3021 370 3090 catori
384 3022 652 3103 commoditatem,
667 3021 831 3104 fiduciam,
857 3037 1053 3090 securrtatem
1066 3023 1196 3115 praebet.
1287 3097 1290 3103 ,

313 3115 534 3204 Participons,
550 3141 604 3198 seu
614 3115 714 3183 socius
727 3131 781 3185 aut
793 3117 945 3184 mediator
959 3117 1092 3210 peccati,
1107 3117 1157 3182 vel
1171 3115 1225 3206 qui
1237 3117 1302 3204 ejus
1356 3147 1359 3154 ⁴

274 3207 473 3278 emolumenti
486 3223 533 3278 est
545 3207 720 3304 particeps,
741 3207 842 3277 aliove
857 3210 951 3280 modo
965 3214 1051 3297 juvat
1064 3209 1105 3274 ad
1118 3207 1197 3276 illud
1212 3231 1300 3274 com·

273 3303 475 3386 mittendum,
492 3303 545 3383 vel,
556 3327 618 3371 non
633 3304 852 3397 reparandum.
1053 3381 1061 3397 f

315 3405 438 3478 Mutus,
463 3419 527 3466 non
551 3399 695 3474 obstans,
720 3421 784 3464 non
811 3395 1040 3487 manifestans,
1066 3411 1137 3466 sunt
1159 3398 1302 3491 negativi

274 3509 489 3588 cooperantes,
509 3520 564 3564 seu
580 3493 605 3560 'ii
625 3494 678 3586 qui
695 3509 856 3587 peecatum
873 3517 937 3560 non
957 3493 1147 3592 impediunt,
1169 3493 1234 3564 sire
1252 3494 1302 3562 lo-

273 3589 415 3682 quendo,
431 3590 496 3660 sive
510 3589 690 3672 scribendo,
706 3589 771 3658 sive
785 3613 848 3658 non
866 3589 1059 3673 obsistendo,
1076 3591 1142 3660 sive
1155 3605 1303 3684 peccato-

275 3711 358 3764 rem,
380 3688 450 3753 antb
468 3684 520 3754 vel
536 3699 607 3781 post
627 3699 805 3781 peccatum,
817 3710 888 3752 non
907 3685 1149 3763 manifestando,
1174 3689 1244 3751 clun
1264 3708 1302 3752 ex

274 3773 408 3871 justitid,
424 3773 590 3864 charitate,
606 3778 724 3848 bonore
734 3779 818 3862 Dei,
839 3790 918 3856 etei,
934 3778 1001 3848 baec
1016 3781 1118 3850 lacere
1133 3781 1258 3848 debent.

235 3959 238 3966 ,
317 3875 382 3946 Sed
400 3874 493 3966 hujus
507 3875 737 3972 ,cooperationis
762 3901 833 3948 reus
855 3901 918 3946 non
938 3877 1075 3970 estqui,
1098 3889 1134 3942 ut
1155 3871 1303 3968 corripiat
1401 3913 1406 3922 ·
