2948 4676
277 461 445 532 remotas,
466 443 546 517 tirm
562 467 604 516 ea
620 444 663 514 de
680 439 810 536 quibus
823 442 896 513 fere
912 465 955 514 ex
974 463 1082 535 aequo
1100 445 1297 539 disputant,

276 558 355 630 tinn
371 578 522 628 casuum
538 540 791 638 resolutiones
811 545 989 646 exempla,
1008 555 1197 640 etc.,t1lm
1213 582 1300 650 quae
1383 603 1386 612 ·

220 699 223 716 ’
276 668 373 762 apud
391 687 507 738 unum
528 675 592 736 aut
608 663 763 735 alterum
778 685 822 734 ex
836 653 892 733 his
910 684 1000 756 quos
1012 661 1100 760 legi,
1116 681 1300 742 auctorem

276 777 408 872 reperi
435 761 541 848 'lianc
565 774 620 846 vel
642 771 808 868 probavi
828 773 883 844 vel
899 770 1118 867 improbavi,
1139 778 1194 848 vel
1210 780 1301 852 nihil

276 885 416 972 addidi,
437 885 521 978 quia
545 907 612 956 nec
635 881 808 978 probare,
828 905 896 954 nec
912 881 1120 977 improbare
1137 899 1301 981 poteram

275 995 347 1067 nisi
368 993 609 1092 aggrediendo
633 993 910 1066 discussiones
887 1015 998 1088 scopo
1014 992 1075 1066 hu
1065 1018 1120 1086 tus
1137 1001 1301 1091 opusculi

276 1105 475 1202 oppositas3
495 1105 550 1177 vel
575 1104 658 1197 quia
684 1125 786 1174 casus
808 1101 979 1174 rariores.¹
1002 1105 1054 1177 Ut
1069 1117 1188 1178 autern
1202 1121 1302 1182 notae

274 1215 389 1288 textus
405 1213 677 1340 intelligentiam
692 1236 769 1285 non
782 1211 997 1307 impediant,
1017 1211 1116 1286 hunc
1129 1215 1168 1286 in
1170 1217 1303 1345 ⁸singu·

274 1325 319 1398 lis
344 1323 506 1397 numeris
531 1349 573 1396 ex
596 1322 737 1420 integro
761 1320 926 1417 primum
941 1322 1037 1420 lege,
1057 1336 1099 1395 ut
1121 1325 1301 1424 principia

269 1435 396 1526 ¹statim
406 1433 672 1532 apprehendas
685 1431 935 1532 demdcleges
924 1433 1056 1506 1ternm
1064 1433 1205 1534 srngula
1216 1460 1300 1512 cum

275 1545 349 1618 suis
362 1545 469 1619 notis,

323 1655 377 1728 Ne
402 1655 497 1726 dicta
522 1653 656 1727 iterum
679 1653 863 1739 dicantur,
884 1657 1303 1750 autpraeveniantnrdi..

274 1765 405 1851 cende,
421 1764 518 1835 intra
531 1761 965 1855 uncin0s[]inclusisunt
977 1764 1193 1837 arithmetici
1206 1779 1241 1840 et
1252 1771 1301 1840 al·
1426 1758 1430 1766 ‘

274 1869 452 1970 phahetici
469 1871 705 1958 characteres,
725 1893 898 1945 numeros
914 1867 1112 1948 indicantes
1135 1887 1169 1948 et
1181 1891 1297 1966 notas

276 1985 420 2076 adquae
435 1983 697 2055 recurrendum
711 1981 812 2076 saepe
826 1994 866 2052 ut
877 1979 985 2078 plena
996 1980 1169 2058 habeatur
1181 1987 1234 2102 rei
1245 1988 1300 2062 in
1414 2003 1417 2011 ’
1466 2041 1467 2050 1

273 2091 468 2191 telligentia
483 2093 539 2165 vel
555 2091 671 2163 fusior
686 2091 899 2186 explanatio

323 2202 476 2276 Numeri
501 2203 596 2273 inter
619 2199 873 2297 parentheses(
920 2203 1118 2298 larticulos
1136 2204 1300 2282 indicant

276 2309 740 2409 Codiciscivilisgallicani.
1074 2333 1076 2338 ’

324 2421 502 2520 Dignetur
515 2423 613 2494 Deus
636 2420 706 2494 hoc
725 2421 953 2518 Opusculum
969 2426 1016 2498 ad
1029 2425 1183 2524 gloriam
1195 2452 1298 2504 suam

274 2545 427 2618 sffertere
446 2545 481 2604 et
497 2533 635 2604 auctori
648 2532 833 2630 ignoscere
851 2547 968 2607 errata
985 2560 1070 2628 quae
1089 2536 1157 2634 ipsi
1174 2539 1213 2610 in
1229 2541 1298 2612 do
1346 2565 1350 2574 ·

276 2643 391 2714 cendo
414 2656 448 2714 et
472 2641 512 2712 in
532 2641 642 2739 longo
658 2643 867 2738 praesertim
888 2645 1056 2719 exercitio
1072 2647 1294 2728 excidissent.

276 2752 379 2836 Faxit
395 2765 435 2828 ut
446 2765 482 2830 et
493 2777 585 2827 nova
598 2751 657 2826 hlc
671 2776 747 2830 non
764 2753 971 2837 exciderint,
