2932 4658
546 307 782 365 nucauocr.
858 291 863 295 ’
1110 286 1181 362 303

145 394 246 470 tacite
259 399 340 496 patri
351 396 489 483 dederit,
501 399 584 492 quod
596 396 641 466 sic
650 395 807 466 ordinarii
818 407 877 478 est,
888 395 961 462 cium
971 388 1093 478 omnes,
1103 389 1182 464 unus

154 497 359 588 agriculturd,
382 494 460 564 alter
482 493 629 570 artificio.
651 508 712 562 etc.
732 495 821 591 aequb
844 490 975 560 autiere
995 493 1083 584 aque
1096 490 1182 562 labo

154 607 236 661 Pani.

113 757 116 761 ,
161 711 166 726 ·
192 687 239 756 Et
251 685 362 770 nette,
374 685 512 778 quamvis
530 683 600 778 plus
615 683 685 751 aliis
698 682 852 765 lucretur,
874 681 998 750 dedisse
1019 696 1179 764 censetur,

152 778 180 848 si
203 780 281 850 illud
306 781 408 848 dando
426 805 488 846 non
509 779 623 847 dixerit
643 804 677 847 se
693 777 773 848 velle
793 777 873 848 illud
892 801 1091 870 recuperare,
1106 780 1179 844 eum

152 874 244 944 facile
260 875 293 944 id
305 872 565 968 dicerepotuerit.

194 971 232 1040 si
245 986 363 1052 autem,
379 995 444 1063 prae
458 967 645 1050 reverentia,
661 967 717 1038 irae
730 983 869 1062 paternae
879 981 981 1048 metu,
994 981 1052 1034 etc.
1065 1019 1073 1047 ,
1087 990 1178 1034 ausus

151 1091 212 1133 uon
230 1065 323 1135 suerit
347 1064 511 1160 protestari
539 1090 627 1132 suam
651 1090 745 1158 quam
768 1065 969 1133 conservabat
988 1062 1178 1130 voluntatem

150 1159 269 1228 lucrum
288 1159 452 1254 proprium
469 1158 624 1241 faciendi,
637 1185 695 1226 nec
715 1159 792 1227 illud
804 1159 929 1228 cesserit
944 1162 1050 1252 postea
1060 1157 1176 1240 libere,

192 1270 251 1324 test
264 1255 357 1336 illud,
376 1255 441 1321 sive
457 1257 543 1334 ante,
564 1253 628 1322 sive
652 1269 721 1348 post
740 1271 874 1321 mortem
898 1256 996 1348 patris
1020 1253 1193 1346 accipere,

172 1341 289 1419 addetis
301 1349 446 1444 impensis
461 1355 536 1442 qrias
550 1348 683 1416 faciebat
696 1348 730 1414 in
739 1349 833 1415 domo
846 1351 987 1442 patemd.

192 1445 256 1512 Sed
278 1443 329 1510 hie
343 1448 431 1526 caut‘e
447 1444 694 1540 procedendum,
719 1469 901 1538 equumque
917 1459 969 1511 ‘est
982 1457 1016 1510 ut
1035 1441 1088 1508 alii
1115 1441 1176 1508 filii

150 1537 322 1630 quilabore
335 1563 397 1605 non
410 1539 559 1627 sejuncto,
575 1565 642 1607 rem
661 1539 862 1606 domesticam
880 1552 1045 1620 auxerunt,
1056 1535 1175 1629 aliquid

149 1627 251 1700 labori
264 1658 320 1700 suo
331 1633 596 1728 proportionatum
617 1633 793 1728 accipiant(
815 1637 840 1719 ).

189 1728 303 1800 Nota:
326 1729 461 1818 Quando
482 1729 710 1798 filius-familiis
728 1731 780 1798 ‘ad
806 1726 1029 1797 restitutionem
1053 1743 1175 1796 tenetur

148 1828 222 1913 erga
233 1841 386 1917 parentes,
396 1824 491 1892 faciat
501 1849 569 1891 eam
580 1823 995 1918 quamprimummoraliter,
1008 1823 1034 1892 si
1046 1823 1174 1918 propria

146 1917 564 2014 haheatauthaberepossit.

188 2015 303 2093 Sociis,
316 2014 527 2081 cohaeredibus
542 2014 703 2093 restituat,
717 2014 778 2080 nisi
796 2029 939 2107 parentes
959 2017 1101 2101 expresse
1122 2013 1173 2080 vel

146 2107 238 2176 tacite
250 2109 499 2194 condonarintffi)
509 2160 517 2192 ,
529 2124 581 2176 aut
594 2112 677 2176 certo
700 2121 819 2174 constet
840 2105 1017 2174 cohaeredes
1033 2121 1173 2173 tantum-

147 2197 219 2270 dem
232 2202 431 2296 surripuisse.

176 2373 213 2440 (a)
225 2373 361 2438 sepissima
373 2378 399 2424 in
410 2377 449 2425 his
459 2377 485 2426 et
495 2377 617 2428 similibus
634 2377 730 2426 casibus
744 2377 906 2432 confessarius
918 2372 1026 2426 inuititur
1034 2378 1170 2439 anxiatur,
1204 2409 1209 2426 t

144 2459 192 2495 nec
205 2447 254 2494 alia
268 2446 370 2506 apparet
380 2447 420 2494 via
439 2447 582 2507 poenitentis
601 2448 775 2496 conscientiam
785 2446 838 2496 tutb
848 2447 983 2506 liberandi,
995 2443 1069 2507 quim
1078 2449 1171 2496 amica-

143 2515 202 2563 bitis
212 2529 268 2563 cum
278 2513 444 2564 cohaeredibus
455 2517 606 2575 compositio.
876 2545 879 2549 -

174 2581 249 2634 Juxta
263 2585 352 2632 multos
363 2587 446 2644 eontra
464 2586 569 2644 munos,
579 2587 646 2646 tilius
656 2585 699 2644 qui
718 2582 744 2630 in
753 2585 823 2633 domo
831 2581 932 2650 paterna
941 2581 1019 2631 muttb
1029 2585 1085 2643 plus
1095 2580 1170 2643 quam

143 2653 187 2708 atii
195 2653 303 2712 laborat,
313 2649 371 2701 ticbt
382 2667 430 2702 non
441 2655 524 2702 labore
536 2655 561 2700 et
570 2639 689 2700 industria
698 2653 830 2712 sejunctis,
842 2653 885 2700 sed
896 2667 927 2698 eu
937 2655 1012 2698 rebus
1022 2654 1048 2697 et
1058 2653 1171 2700 snbstan-

142 2720 178 2768 tia
187 2724 263 2781 patris
271 2724 313 2783 qui
325 2727 378 2781 ejus
388 2723 461 2782 operi
472 2736 520 2770 uon
531 2723 639 2780 indiget,
649 2722 690 2778 ins
701 2722 776 2768 babet
789 2723 821 2770 ad
831 2722 924 2780 aliquid
938 2721 1015 2768 labori
1025 2733 1068 2767 suo
1080 2723 1170 2778 majori

142 2791 365 2849 proportionatum,
374 2793 396 2837 si
407 2792 471 2850 patri
480 2803 529 2837 non
540 2791 669 2846 censeatur
679 2789 790 2847 dedisse,
801 2791 912 2848 quamvis
924 2789 1075 2836 voluntatem
1086 2803 1131 2849 pro
1142 2804 1169 2838 se

77 2895 87 2902 .
142 2856 252 2902 lucrandi
263 2856 418 2914 manifestare
431 2859 518 2905 nonsit
529 2870 610 2904 ausus.
627 2857 675 2904 Sed
691 2857 765 2914 buius
775 2859 852 2917 lucri,
873 2857 938 2917 quod
949 2858 1041 2904 bonum
1050 2859 1169 2929 proiecti-

142 2923 206 2972 tium
218 2923 348 2982 vocabant,
364 2925 543 2972 usumfructum
553 2923 620 2972 eertb
633 2937 680 2972 non
690 2925 802 2975 baberet.

172 2992 298 3040 Sententia
310 2992 361 3040 hae
369 2994 518 3053 probabilior
530 2995 636 3053 videtur,
649 2995 753 3054 excepto
764 3007 822 3042 casu
832 2994 859 3042 in
867 3006 915 3056 quo
926 2995 992 3042 tilius
1000 2995 1042 3042 iile
1052 2992 1122 3056 ptbs,
1134 2996 1168 3044 ob

140 3059 265 3118 laborem,
276 3055 348 3120 quim
360 3063 401 3109 atii
413 3063 457 3109 dlii
469 3063 494 3109 in
507 3063 649 3111 haereditate
661 3064 784 3112 babuerit.
791 3065 911 3112 Pietatem
922 3065 989 3112 enim
998 3064 1071 3114 liberi
1079 3077 1168 3127 paren-

140 3129 280 3188 tibus,non
288 3143 374 3190 operas
384 3127 520 3191 debent,si
531 3145 579 3179 non
591 3133 725 3192 indigeant.
1037 3152 1039 3161 ⁴
1122 3181 1124 3186 .

170 3201 218 3248 Sed
229 3201 323 3252 foretne
333 3199 372 3249 hic
381 3201 448 3249 locus
456 3203 675 3262 compensationis?
689 3199 795 3250 Jurahic
806 3204 881 3249 nimis
889 3201 983 3249 ineerta
994 3203 1051 3249 sunt
1060 3201 1090 3250 nt
1099 3203 1167 3250 affir-

139 3270 201 3316 mari
211 3271 293 3329 possit.
305 3272 393 3318 Forsan
402 3271 514 3318 excusari
527 3273 624 3330 possent
632 3273 674 3332 qui
685 3266 993 3330 parimaccepissentmon
1004 3271 1088 3317 autern
1099 3269 1165 3330 quod
1238 3310 1241 3318 ⁴

140 3336 188 3384 sibi
199 3337 330 3387 deberetur
338 3340 369 3386 ad
380 3340 491 3398 apicem,
504 3340 529 3387 id
538 3343 588 3400 est,
600 3351 650 3387 uon
663 3341 782 3401 quantuni
793 3341 859 3400 apud
871 3341 966 3400 patrem
983 3340 1046 3387 atius
1055 3340 1166 3389 lucratus

140 3403 318 3467 tumensque
335 3407 475 3456 laborando.
486 3405 519 3456 ub
537 3404 620 3457 mimis
636 3407 677 3458 bic
688 3410 872 3458 concedendum
887 3408 952 3470 qubd
965 3409 1006 3468 ius
1017 3411 1091 3458 civile
1100 3411 1165 3458 nihii

140 3475 299 3536 concederet,
318 3477 343 3523 et
358 3473 423 3536 qubd
440 3475 497 3525 talis
510 3479 576 3526 titius
594 3475 749 3540 pluraquam
765 3491 864 3540 servus,
875 3480 901 3527 in
911 3477 1088 3541 domopaternt
1096 3489 1165 3527 eenr-

139 3541 316 3591 modababeat.
327 3545 468 3592 amicabilis
479 3549 621 3607 compositio
637 3547 748 3596 facienda
763 3551 801 3597 est
810 3549 831 3595 si
840 3549 966 3608 possibite.
1050 3571 1053 3577 ·

170 3607 206 3674 (b)
217 3611 266 3660 Ant
274 3608 333 3664 rere
343 3614 521 3674 praesumantur
532 3616 689 3665 condonasse.
706 3617 787 3666 thot.
797 3618 860 3677 Piet-¹
