2932 4658
536 247 767 348 instruor.
1092 267 1164 342 333

145 381 219 442 tulus
231 381 400 445 causasque!
409 385 544 442 non'reor,
555 383 603 430 ulai
613 382 724 442 pruritus
732 381 766 429 sit
782 373 944 442 nonproprli
954 375 1102 434 dictumue
1110 389 1166 426 seu·

145 453 226 511 guinis
235 454 276 502 rel
286 453 430 511 humorum,
442 449 486 498 secl
495 461 617 498 venereus
625 461 669 496 eeu
679 449 815 497 vehemens
832 460 859 494 eo
869 442 997 506 polluendi
1015 441 1166 494 dealdeii‘um

145 522 171 569 et
180 521 249 580 quasi
269 521 403 568 necessitas
420 519 551 567 alleviandl
562 519 675 566 naturam
686 529 718 566 ex
732 514 880 564 abundantii
894 515 995 562 seminis
1004 516 1164 562 laborantem.

145 589 193 636 Sed
202 590 262 636 tunc
282 583 376 636 directe
393 587 567 647 procuramur
575 586 679 646 pollutio
690 585 754 644 ‚etsi
771 595 820 632 non
832 585 923 632 iutuitu
933 585 1074 643 voluptatis.
1085 586 1165 632 vene-

144 669 202 703 reus
209 657 359 716 reputandus
366 656 592 715 videturpruutm,
603 651 660 702 oium
671 651 733 701 lacta
742 654 878 712 pollutione
887 653 972 700 comat.
984 653 1045 712 Μ,
1053 655 1081 701 ut
1091 661 1164 700 accu-

144 720 221 772 ratius
231 725 398 784 dignoscatur,
408 723 566 784 querendum
582 735 614 770 an
628 717 734 770 multiun
744 721 871 768 dissimilis
887 722 920 770 sit
929 721 960 767 ab
971 733 1000 768 eo
1009 735 1084 780 quem
1099 719 1163 782 sept

145 792 170 839 et
180 789 310 852 aliquandi>
318 792 476 839 vehomenter
486 791 512 837 in
523 791 579 837 aliis
589 802 696 850 corporis¹
706 789 817 850 partibus
827 789 983 850 experimur3
990 789 1032 838 rel
1041 799 1073 840 tut
1080 791 1165 851 aliquo
1243 837 1250 853 x

144 859 227 905 morbo
237 860 263 906 in
274 859 305 905 iis
315 859 423 918 partibus
433 859 552 904 laborent.
1131 917 1135 924 Δ

173 927 351 974 &uomendum
362 927 393 974 iis
402 927 446 985 qui
457 925 556 984 pruritu
566 925 698 972 humorum
706 924 826 982 laborant,
835 923 865 971 ut
873 925 921 971 alia
930 925 1063 973 adhibeant
1071 927 1163 987 medlo,

143 1005 169 1044 r.
179 1007 214 1056 p,
224 1007 321 1056 aquam,
330 995 371 1044 rel
381 994 520 1054 simplicem
530 993 571 1042 rel
580 993 740 1052 medicatam
749 993 775 1041 et
784 993 885 1040 illarum
893 994 1161 1055 partiummuuditiem.

596 1083 709 1100 -n——e

182 1153 257 1216 362.
284 1146 542 1228 Dislillalionem,
572 1146 664 1234 etiam
686 1147 752 1213 sine
774 1159 862 1212 motu
878 1165 1028 1230 venereo,
1055 1149 1161 1242 utpote

142 1243 218 1337 quid
230 1258 337 1335 turpe,
353 1241 469 1308 directio
484 1265 672 1332 procurare,
685 1237 856 1323 mortaliter
870 1239 1024 1309 illicitum.

183 1340 219 1407 Si
232 1339 401 1419 indirecte,
417 1335 489 1404 vide
502 1335 549 1404 Νο
567 1341 641 1426 173,
657 1357 691 1404 a.

182 1431 226 1501 Et
249 1431 276 1501 si
290 1458 360 1499 cum
374 1456 464 1499 sensu
488 1429 698 1498 delectationis
711 1455 850 1500 venereae
873 1428 946 1516 fiat,
973 1429 1057 1500 idem
1072 1431 1111 1501 de
1125 1435 1163 1502 ei

142 1525 208 1594 ler'e
222 1526 413 1594 sentiendum
427 1550 462 1592 ac
477 1525 515 1591 de
527 1523 706 1616 pollutione.

183 1619 220 1686 Si
233 1623 308 1687 verb
322 1615 387 1687 sine
401 1619 631 1686 commotiones
650 1618 780 1685 irituum
794 1618 982 1709 generationi
996 1610 1162 1688 inservieri-

142 1714 220 1782 tium
234 1729 264 1781 et
278 1713 392 1806 absque
407 1713 470 1780 ulla
494 1711 609 1780 carnali
622 1643 824 1781 dilectatione
838 1711 972 1796 eveniat,
998 1708 1037 1780 de
1052 1715 1088 1780 ed
1099 1739 1162 1781 non

142 1824 195 1876 aut
206 1813 316 1901 partim
337 1808 505 1875 curandum
520 1822 576 1874 cst.

182 1901 262 1992 Quae
277 1902 380 1969 omnia
401 1901 440 1968 de
454 1901 602 1968 effusione
622 1898 761 1969 humoris
785 1901 879 1993 supra
892 1900 967 1968 dicti
979 1901 1013 1967 in
1025 1901 1162 1971 ioeminis

139 1995 181 2062 ad
194 1995 295 2063 minus
308 1995 438 2063 dicenda
447 1993 600 2060 videntur.

527 2168 775 2244 anrrcaunusu.

564 2319 602 2368 De
617 2315 734 2366 sodomia.

184 2471 256 2559 353.
275 2465 494 2532 Anourummn
503 2463 620 2530 crimen
633 2459 693 2528 hoc
707 2474 753 2528 cst
761 2459 935 2528 concubitus
950 2483 1019 2530 cum
1028 2464 1160 2555 personi

143 2561 299 2652 ejusdem,
319 2573 371 2627 aut
384 2555 497 2626 (divorsi
512 2555 638 2650 quidem
652 2557 760 2638 serris,
786 2555 887 2623 sedin
902 2582 972 2623 vase
987 2555 1136 2627 indebite.

180 2659 219 2726 lrl
227 2656 326 2752 priori
335 2680 405 2722 casu
415 2653 562 2746 perlecta,
574 2651 607 2716 in
617 2649 781 2741 posteriori
788 2649 969 2741 imperfecta
978 2647 1089 2716 dicitur
1097 2651 1156 2737 (a).

180 2751 324 2840 Utraque
333 2749 462 2814 diversae
472 2743 585 2833 speciei
595 2759 656 2824 ost,
672 2744 727 2808 sed
739 2742 825 2834 prior
837 2743 1160 2815 communiusnomine

142 2842 290 2912 sodomiae
303 2840 401 2920 ¹venit,
425 2838 459 2904 in
477 2836 678 2932 pluribusque
691 2835 873 2904 dioecesibus
892 2835 958 2904 sola
972 2853 1158 2910 reservatur.

80 2938 82 2942 ’
140 2937 209 3006 Irnb
224 2935 256 3002 in
269 2933 420 3027 aliquibus
435 2943 629 3000 reservantur
641 2931 741 2999 solum
752 2931 879 2999 nefariae
890 2931 1028 3002 viromm
1040 2933 1073 3000 in
1087 2957 1160 3004 raso

140 3059 205 3130 proe
228 3049 328 3100 ostem
342 3028 583 3100 commixtiones.

216 3143 323 3220 traque
335 3125 447 3192 iterum
462 3123 628 3231 participat
645 3123 684 3190 de
695 3122 813 3190 malitia
826 3123 977 3206 incestis,
997 3125 1158 3206 adulterii,

143 3237 202 3291 etc.
214 3273 223 3304 ‚
237 3223 329 3290 etiam
352 3221 432 3287 inter
446 3241 546 3286 vuum
562 3232 592 3284 et
600 3241 743 3296 uxorem,
758 3217 831 3307 quia
852 3237 976 3284 carnem
998 3215 1159 3301 dividunt,

142 3315 320 3384 sodomitica
334 3314 481 3382 coeundo.
495 3311 578 3379 Caro
597 3311 680 3379 enim
692 3311 782 3379 unius
792 3333 855 3377 non
870 3325 917 3379 est
931 3335 1003 3378 caro
1016 3310 1160 3397 alterius,

141 3423 176 3479 ut
186 3410 230 3487 sie
244 3411 495 3478 commisceantur
503 3407 561 3494 (b).

172 3591 209 3657 (a)
217 3592 299 3653 Aliqui
309 3591 441 3642 rodemiam
449 3587 584 3648 perlectum
593 3583 673 3638 solium
681 3587 807 3649 appellant
821 3581 878 3634 cium
896 3588 934 3635 est
947 3598 1088 3644 conpressus
1098 3583 1160 3636 duu-

143 3675 198 3712 mm
207 3663 317 3711 vlmrum
326 3659 352 3718 iu
362 3670 418 3706 vase
429 3657 589 3716 prepostero,
600 3656 649 3706 imo
660 3659 686 3706 et
695 3656 796 3704 seminis
806 3655 891 3702 clluslo
902 3649 975 3702 intui.
984 3653 1031 3702 Sed
1042 3655 1093 3701 haec
1103 3667 1160 3702 con·

143 3731 286 3780 mmmaum
297 3723 378 3790 potitis
388 3727 413 3775 ct
422 3727 449 3774 lu
456 3723 531 3784 modu
541 3726 628 3777 ultlno
638 3725 783 3786 completam
794 3715 1014 3782 sodomiam‚quim
1025 3722 1159 3781 perlectam

143 3799 243 3850 indicat.
261 3798 361 3849 Rectius
370 3793 427 3858 oreb
438 3795 531 3846 sentiro
540 3794 638 3848 ridetur
647 3795 674 3842 P.
685 3794 745 3844 Gall.
757 3793 813 3844 Aut.
824 3790 927 3842 diceudo
936 3789 967 3838 ad
976 3787 1109 3868 pprlcctem
1119 3802 1159 3856 sog
