2932 4658
265 353 338 430 326
530 373 586 428 nu
606 367 771 437 Qurnro
791 368 1054 422 remunero,

182 485 208 498 ¹·
268 499 270 504 v
307 459 432 530 Siverd
445 457 584 526 heredes
598 456 700 525 relicti
713 455 754 524 alr
767 454 888 537 occiso,
907 469 985 535 ein,
1003 477 1066 520 non
1080 449 1293 522 sintbaereclee

264 553 446 636 necessarii,
464 553 519 621 sed
532 551 664 634 fratres,
680 579 711 620 v.
732 577 786 644 g.,
802 565 855 618 aut
869 549 921 618 alii
956 547 1116 658 ropinqui,
1136 547 1227 616 dehet
1241 555 1295 616 oe·-

264 649 347 718 cisor
367 647 430 716 illis
449 645 609 714 restituere
626 669 773 739 expensas
797 575 960 740 saltem&
976 659 1007 710 et
1030 642 1093 712 alra
1106 643 1146 710 ad
1159 667 1228 736 quae
1240 643 1294 732 jus

238 763 240 772 ’
263 738 449 834 acquisitum
471 740 538 829 jam
555 737 690 808 habebat
708 739 885 814 vulneratus
909 753 1050 832 tempore
1073 736 1187 805 mortis.
1206 761 1292 819 suae,

263 837 337 931 qcria
350 838 399 924 jus
412 835 471 903 hoo
485 835 526 904 ad
539 833 678 903 haeredes
692 833 784 902 etiam
798 859 860 902 non
870 831 1057 902 necessarios
1071 830 1225 900 transivit.

295 966 331 1031 (a)
341 968 420 1016 Etiam
429 962 485 1014 ante
494 965 641 1014 sententiam
649 963 755 1028 iudicis,
763 959 835 1026 juxti
844 963 993 1014 sententiam
1003 975 1172 1022 communem,
1180 961 1207 1010 et
1216 973 1289 1025 ,pro-

174 1017 176 1022 ’
263 1032 441 1096 bullionem
456 1047 541 1096 poenas
556 1034 624 1082 ruat

294 1103 329 1166 (b)
339 1104 457 1151 totaliter
466 1102 585 1150 dissident
602 1101 712 1150 melioris
727 1101 803 1150 etiam
820 1101 885 1149 notae
905 1099 1013 1159 theologi
1033 1094 1098 1148 circi
1114 1099 1287 1160 obligationem

261 1172 408 1233 reparandi,
421 1183 466 1231 per
476 1182 604 1230 summam,
614 1183 638 1218 v.
649 1183 683 1230 g.,
695 1169 782 1217 damna
797 1169 919 1217 naturalia
937 1170 962 1217 et
978 1169 1115 1228 personalia
1133 1181 1165 1216 ex
1182 1169 1288 1217 vulnere

261 1241 432 1301 provenientia
440 1273 451 1300 s.
457 1240 653 1300 generaliterque
660 1271 673 1298 ,
680 1233 745 1286 circli
759 1238 933 1297 obligationem
942 1237 1089 1285 restituendi
1100 1238 1126 1286 in
1137 1238 1185 1284 alio
1195 1249 1287 1296 genere

262 1307 396 1366 bonorum,
407 1303 463 1354 oiim
471 1308 594 1354 restitutio
605 1306 658 1353 deri
669 1308 756 1366 nequit
767 1307 792 1353 ln
803 1318 892 1366 genere
908 1307 1027 1353 bonorum
1038 1307 1065 1352 in
1072 1318 1120 1366 quo
1130 1305 1192 1354 lacta
1203 1306 1240 1354 est
1249 1305 1288 1354 iu-

260 1374 367 1434 lustitia.
378 1375 414 1423 Ad
424 1375 604 1423 restitutionem
614 1375 723 1434 obligant
730 1375 963 1435 sylviusurandin,
974 1376 1001 1421 P.
1012 1375 1111 1423 Gabriel
1121 1376 1176 1432 Ant.
1184 1408 1192 1433 ,
1201 1375 1286 1434 (tollet,

261 1445 356 1505 Bailly,
367 1447 426 1504 ete,
437 1445 480 1504 qui
499 1444 591 1491 babent
608 1455 689 1503 pro-se
699 1445 729 1490 Ι).
741 1445 867 1491 Tbomam.
879 1446 950 1492 ltatio
967 1456 1052 1492 eorum
1064 1442 1175 1505 estquod
1185 1444 1228 1504 qui
1238 1455 1287 1492 nou

261 1515 343 1574 potest
353 1513 434 1560 tacere
441 1513 530 1570 totum,
541 1513 655 1560 teneatur
662 1513 813 1572 tacerequod
821 1515 949 1573 potest‚et
959 1508 1024 1572 qudd
1034 1513 1097 1562 bona
1105 1514 1180 1560 unius
1189 1512 1286 1571 generis

261 1582 368 1642 possint,
379 1578 528 1640 prudentior
536 1580 650 1638 arbitrio,
661 1581 792 1640 aestimari,
802 1583 841 1640 et,
858 1593 903 1641 per
914 1582 977 1628 bona
986 1581 1089 1628 alterius
1099 1581 1208 1640 generis,
1219 1591 1286 1627 eom-

261 1652 370 1712 pensari.
381 1651 420 1698 Sic
429 1649 530 1700 libertas
538 1661 582 1710 pro
592 1647 842 1710 pecunitvenditur3
849 1651 875 1698 et
885 1649 978 1698 adduit
986 1649 1022 1698 sic
1031 1649 1142 1710 judicare
1153 1650 1231 1700 solete
1241 1648 1286 1698 tri·

260 1717 373 1767 bunalia.
882 1751 883 1754 κ
1276 1717 1279 1722 ’

293 1787 328 1834 Ab
338 1784 405 1834 omni
414 1782 473 1832 verb
481 1777 651 1845 restitutione,
662 1788 752 1847 prater
762 1785 927 1846 reparationes
935 1785 1092 1844 honorarius,
1103 1786 1162 1845 etc,
1172 1784 1287 1834 eximunt

261 1853 375 1912 Magister
383 1853 575 1911 sententiarum,
590 1855 725 1912 Navarrus,
736 1854 846 1911 bessina,
859 1854 966 1911 Delugo,
978 1855 1037 1910 ete,
1048 1854 1106 1911 quia
1117 1855 1180 1900 bona
1190 1854 1284 1902 diversi

261 1922 359 1982 generis
369 1932 417 1968 non
428 1920 519 1967 babent
529 1933 685 1970 communem
692 1933 840 1979 mensuram,
849 1932 895 1968 nec
904 1920 984 1979 potest
992 1919 1050 1966 tunc
1059 1921 1146 1980 reponi
1156 1916 1293 1979 equalitas
1321 1975 1324 1980 ,

259 2002 335 2052 quam
345 1989 452 2038 intendit
461 1989 540 2037 virtus
554 1989 670 2052 iustitiae,
680 1986 736 2039 ciem
746 2002 786 2038 res
798 1989 880 2038 aliena
903 1987 973 2038 reddi
991 1989 1098 2050 nequeat
1107 2000 1188 2050 neque
1199 1988 1226 2036 in
1237 2000 1283 2050 se,

259 2071 341 2120 neque
358 2059 385 2106 in
398 2057 566 2118 equivalenti.
630 2075 631 2082 ¹
810 2093 813 2098 .

231 2160 238 2172 .
290 2129 339 2176 sed
352 2128 387 2187 si,
407 2128 470 2176 eitra
486 2127 617 2189 miricam,
627 2128 659 2177 ad
679 2127 774 2190 aliquid
791 2127 929 2189 obligarent
940 2126 1090 2187 tribunalia,
1105 2125 1215 2176 necnon
1230 2126 1284 2178 iore

277 2197 405 2246 erendum.

258 2209 276 2260 p
290 2262 349 2312 Haec
359 2263 481 2312 sententia
490 2264 620 2325 principiis
630 2236 716 2313 ubiile
726 2263 883 2312 restitutione
896 2263 1057 2312 enuntiandis
1069 2262 1169 2314 videtur
1187 2263 1283 2312 contor-

257 2332 331 2381 mior.
342 2329 448 2378 Sednmr
463 2331 605 2391 displiceret
625 2332 747 2380 sententia
766 2333 883 2391 niduari,
901 2326 932 2378 ad
944 2333 1052 2392 priorem
1068 2332 1200 2392 accedens,
1216 2331 1283 2394 quod

257 2396 348 2460 nempe
358 2411 408 2448 non
426 2400 459 2448 sit
468 2401 584 2460 obligatio
600 2401 764 2448 restitutionis
775 2401 865 2448 strictae
881 2413 936 2460 qum
947 2401 979 2448 sit
989 2401 1021 2447 ad
1034 2401 1213 2460 equalitatem,
1224 2395 1281 2448 edm

257 2469 416 2528 impossibilis
431 2469 531 2530 sit„sed
546 2469 661 2527 obligatio
679 2469 911 2527 recompensationis
920 2469 1001 2527 qualis
1015 2469 1138 2526 possibilis
1149 2472 1200 2529 est,
1210 2464 1281 2528 iuxta

257 2537 387 2586 arbitrium
397 2539 446 2586 viri
456 2539 528 2597 boni,
546 2538 598 2584 sive
609 2537 635 2582 iu
645 2535 765 2596 pecunia,
776 2537 828 2583 sive
840 2538 866 2583 in
876 2537 959 2595 aliquo
975 2537 1080 2597 bonore,
1092 2539 1145 2586 sive
1161 2539 1236 2586 etiam
1253 2539 1281 2587 in

256 2604 329 2654 bonis
337 2606 519 2668 spiritualibus,
528 2601 698 2662 eleemosynt,
709 2601 847 2660 sacrificiis,
859 2603 988 2662 precibus,
1000 2605 1058 2663 etc.,
1069 2605 1221 2666 considerati
1228 2607 1281 2656 tesi

258 2674 403 2723 eatetenus
413 2675 563 2722 eonffitione.
574 2671 672 2720 lustitia
683 2671 764 2729 enim,
777 2670 869 2730 inquit,
880 2671 968 2719 adhoc
979 2672 1082 2731 inclinat
1095 2687 1141 2734 per
1151 2677 1278 2735 accidens,

255 2743 316 2804 quia
332 2741 429 2801 injuriae
447 2743 526 2790 illatio
537 2743 562 2788 et
572 2740 734 2799 reparationis
744 2739 860 2799 obligatio
876 2742 935 2789 sunt
947 2739 996 2788 dno
1007 2743 1168 2805 correlativa,
1177 2746 1203 2793 et
1213 2744 1280 2793 dam·

254 2821 316 2861 tium
325 2815 362 2860 est
375 2812 456 2870 aliquo
471 2809 543 2856 modo
558 2808 748 2866 compensabile.

254 2943 265 2994 ¹
285 2871 346 2940 Erg'b
357 2881 384 2926 in
393 2879 465 2940 praxi
475 2877 506 2925 ad
514 2887 634 2924 summam
642 2875 776 2935 obligarem
785 2875 933 2936 divitem,v.
942 2877 1028 2938 g.,qui
1038 2889 1173 2940 pauperem
1181 2880 1280 2932 iecisset

266 2959 361 2996 ussum.
1103 2979 1105 2984 ,

284 3009 388 3061 Aliunde
399 3011 433 3058 ad
450 3011 566 3058 mulctam
577 3011 663 3059 saltem
679 3011 814 3071 obligarent
828 3011 963 3062 tribunalia
979 3025 1084 3076 quorum
1094 3015 1215 3066 sententia
1232 3024 1279 3078 per

253 3080 455 3140 compositionem
465 3078 621 3128 amicabilem
633 3081 821 3138 praeveniretur.

284 3146 317 3210 (c)
332 3148 400 3196 Tunc
412 3144 420 3208 (
430 3147 451 3194 si
470 3145 558 3206 nempe
577 3147 687 3194 mortuus
705 3147 793 3194 damna
810 3149 892 3196 omnia
908 3145 1181 3211 umpraesenttaqutm
1191 3150 1277 3200 sutura

251 3215 401 3276 remiserit)
418 3216 511 3264 occisor
529 3214 559 3262 ad
569 3215 633 3262 nibil
651 3209 707 3274 erga
718 3216 827 3265 haeredes
846 3219 922 3266 etiam
940 3221 1088 3268 necessarios
1102 3218 1175 3266 occisi
1193 3219 1274 3268 teneri

251 3285 352 3336 videtur
359 3279 526 3346 probabilium
536 3285 595 3344 quia
612 3285 639 3332 bl
658 3285 767 3334 heredes
785 3297 835 3334 non
845 3287 961 3336 videntur
974 3288 1064 3334 babere
1074 3286 1221 3344 nisiiuscui
1232 3301 1275 3338 oe-

252 3355 318 3404 oisus
326 3354 472 3400 renunciare
482 3353 573 3413 potuit.
587 3355 739 3419 ltemissione
759 3353 837 3414 iacti,
847 3355 920 3403 laesus
930 3367 980 3402 non
991 3353 1105 3404 censetur
1115 3352 1221 3418 anplius
1231 3359 1276 3409 lae-

251 3435 307 3482 sus3
319 3417 375 3481 ergo
386 3432 432 3468 nec
442 3420 552 3468 haeredes
560 3421 603 3480 qui
613 3433 669 3470 curu
678 3434 711 3470 eo
718 3435 768 3474 una
776 3425 833 3471 sunt
843 3435 953 3483 persona.

281 3489 351 3538 liniti
362 3491 444 3540 umen
455 3483 537 3536 contri
553 3490 663 3538 sentiunt
671 3491 785 3539 vdieentes
801 3504 850 3538 non
866 3503 935 3552 posse
950 3491 1106 3542 vulneratum
1121 3493 1153 3542 ad
1169 3497 1274 3546 mortem

250 3559 397 3608 rmuneiare
413 3557 464 3616 iuri
475 3569 532 3615 suo,
542 3559 568 3604 et
584 3557 756 3608 deesseoitrcio
770 3560 852 3607 alendi
869 3560 996 3608 familiam.
1006 3558 1075 3610 Unde
1091 3563 1122 3610 u.
1135 3563 1201 3612 Dens
1210 3567 1235 3613 et
1244 3569 1271 3614 P.

250 3625 311 3674 Gali.
322 3627 379 3676 bnt.
388 3626 419 3673 ad
429 3626 610 3674 restitutionem
621 3627 771 3687 obligarent,
785 3628 806 3675 sl
818 3627 880 3676 bona
894 3629 926 3676 ab
939 3629 1018 3678 occiso
1029 3631 1147 3682 derelicta
1162 3646 1211 3684 non
1220 3633 1268 3681 sui*

250 3693 353 3742 licerent
363 3693 393 3740 ad
401 3693 520 3742 familiam
531 3693 584 3751 eius
595 3696 787 3743 sustentandam.

280 3759 349 3806 Prior
358 3762 480 3811 sententia
489 3759 564 3820 magis
574 3763 664 3821 placet.
671 3764 782 3810 Attamen
790 3761 922 3814 occisorem
931 3768 962 3814 ad
972 3773 1093 3818 summam
1103 3769 1203 3816 tonora
1213 3779 1270 3826 pro-
1286 3755 1293 3766 “

250 3827 412 3885 portionatam
420 3830 554 3888 obligarem
562 3830 588 3878 in
597 3831 767 3889 pontinum
775 3831 1055 3897 memoraverunt
1066 3836 1174 3885 heredes
1182 3847 1272 3888 necet·

197 3927 198 3931 η
249 3893 308 3942 rarii
318 3893 428 3945 deimeti
443 3909 564 3959 pauperes
572 3898 629 3947 sint.
809 3897 813 3903 '
947 3905 952 3910 ’
1005 3943 1018 3949 ..
