2948 4676
538 355 881 468 nucnnnisrrm'
1057 484 1063 492 ἱ
1171 389 1218 470 'at

508 717 801 804 TITULUS
823 721 908 802 lv.

335 899 391 964 nn
408 871 721 964 sacnnnnnro
739 901 1078 966 uuonanrsrrm,

599 1201 764 1278 onem·
782 1203 813 1276 1,

273 1384 305 1432 ῃ
314 1383 423 1432 namn.
433 1382 593 1420 ιιιιιιιιιιιιι
603 1383 635 1418 ιιι
646 1383 790 1418 eracemum
801 1383 951 1431 tammum
961 1383 1134 1436 ιιιιιιιιιιτιι.λ

558 1519 727 1590 ”51·.

172 1699 178 1710 ·
236 1675 287 1751 43.
301 1630 1218 1778 Eucmmsrrasacramentumestinqnocorpusetsanguie

192 1761 322 1842 Christi
323 1789 415 1846 vere,
433 1745 559 1844 realiter
575 1788 612 1830 ac
625 1762 867 1845 'substantialiter
881 1765 938 1832 sub
955 1763 1115 1858 speciebus
1128 1765 1217 1860 pania

193 1859 300 1928 etvini
314 1859 508 1927 continentur
522 1859 563 1928 acl
577 1859 768 1958 spiritualem
782 1859 893 1932 animae
908 1859 1157 1927 refectionem.

182 2020 185 2026 .
228 1954 266 2053 ln
279 1979 315 2022 eo
333 1969 415 2022 totus
436 1953 581 2023 Christus
600 1970 648 2024 est
659 1956 716 2023 sub
728 1953 866 2048 utrique
879 1955 982 2048 specie
993 1954 1065 2022 etin
1079 1931 1218 2047 quilibet

191 2048 305 2145 speciei
319 2066 409 2144 parte
431 2050 540 2118 saltem
554 2051 691 2132 sensibili
702 2049 919 2146 ,separatione
933 2049 1031 2131 sacta,
1046 2049 1218 2140 etquidem

191 2162 415 2238 permanenter,
425 2145 563 2255 quandiiu
577 2145 694 2241 species
707 2173 770 2212 non
784 2159 854 2213 sunt
865 2159 1028 2252 corruptae.

232 2239 940 2332 Transsubstantratrovocaturmrrabrlrspams
948 2251 1050 2306 etvmr
1061 2263 1094 2304 m
1104 2260 1217 2332 corpus

192 2349 223 2402 et
234 2335 413 2445 sanguinem
427 2328 547 2403 Christi
559 2335 700 2404 mutatio.

195 2427 408 2498 Ratione
381 2431 691 2514 cucumincessionis,
712 2446 746 2498 ut
761 2431 870 2512 aiunt,
889 2455 944 2498 seu
961 2407 1055 2496 mollo
1069 2429 1215 2522 speciali,

191 2525 286 2593 Pater
309 2541 338 2594 et
369 2525 514 2616 Spiritus
529 2525 673 2595 sanctem
672 2525 716 2593 in
742 2520 815 2606 hoc
831 2542 1023 2594 sacramento
1050 2539 1218 2618 praesentes

192 2637 273 2702 sunt..

641 2693 756 2710 μ

231 2801 284 2875 44.
296 2793 398 2884 Hujus
409 2791 592 2861 sacramenti
600 2792 736 2860 materia
749 2793 869 2882 infieri
881 2807 927 2858 est
940 2791 1171 2893 panistritieeus
1186 2806 1217 2858 et

85 2963 88 2972 ,
193 2888 302 2958 vinum
314 2887 420 2956 usuale
433 2889 472 2955 de
485 2887 559 2955 vite.

231 2983 348 3078 Forma
360 3010 433 3059 uero
418 2987 555 3072 [891],
570 2981 665 3050 verba
680 2980 915 3050 consecrationis
927 2981 990 3066 (ιι).

225 3149 262 3215 (ι)
272 3151 371 3212 Species
381 3151 452 3212 panis
460 3152 486 3200 et
496 3153 548 3200 vini
560 3145 675 3199 unicum
686 3163 785 3230 corpore
798 3151 823 3197 et
834 3145 951 3208 sanguine
960 3149 1050 3197 Christi
1058 3151 1164 3210 quihus
1170 3161 1219 3211 per

193 3221 405 3274 concomitantiam
414 3220 518 3280 eonjung
520 3221 595 3278 untur
606 3215 716 3267 alumi
695 3232 749 3278 elus
757 3231 785 3266 ac
796 3219 928 3280 divinitas,
942 3218 1096 3266 constituunt
1103 3219 1217 3278 probatu

134 3301 138 3306 “
191 3283 259 3338 tiis·
250 3305 275 3338 m
285 3292 347 3350 {octo
356 3303 402 3338 eoae
414 3290 568 3336 eucharistiae
578 3289 792 3336 sacramentum.

667 3379 781 3396 *αι*

232 3439 285 3515 45.
299 3433 422 3526 Corpus
433 3431 552 3502 Christi
565 3431 621 3500 sub
632 3431 734 3525 specie
751 3432 852 3524 panio,
868 3445 898 3496 et
908 3437 1031 3519 sanguis
1044 3429 1100 3496 suh
1115 3428 1218 3524 specie

193 3528 274 3610 vini,
288 3553 384 3594 unum
397 3543 468 3595 sunt
481 3543 705 3634 sacramentum
719 3525 830 3592 morali
844 3523 974 3600 specie.¹

229 3621 341 3690 Plures
356 3639 459 3716 autem
475 3622 563 3720 panis
581 3637 611 3690 et
631 3620 696 3689 vini
709 3619 825 3714 species
839 3632 1022 3686 consecratae
1039 3640 1134 3682 unum
1147 3629 1218 3684 sunt

149 3796 154 3804 ¹
194 3716 244 3786 vel
257 3719 420 3812 multiplex
432 3745 562 3786 numero
578 3716 690 3786 morali
703 3730 947 3791 sacramentum
959 3726 1050 3807 prout
1064 3711 1104 3779 ad
1123 3735 1217 3782 unam

150 3807 154 3814 ¹
196 3812 461 3909 velmultiplicem
480 3813 638 3900 moraliter
655 3811 836 3891 ordinantur
858 3783 1049 3918 spiritualem
1070 3803 1220 3889 refectio-.

195 3909 344 4008 taenia)-¹
