2984 4666
255 323 326 403 abo
421 393 424 402 .
531 351 584 403 ιιι
605 349 744 404 raino
765 343 1013 403 concurro.

252 437 371 507 ditione
380 437 553 548 acceptata,
568 437 653 529 quod
663 434 737 517 tah
753 451 845 506 enam
855 434 1056 526 dignissimo
1071 435 1274 508 conferretur.

286 534 391 643 ‘secus
405 557 433 601 ιι
421 531 547 600 solum
559 531 593 599 id
610 547 768 627 speraret,
793 531 933 639 quamvis
949 546 1070 611 certus,
1098 547 1151 600 aut
1164 533 1206 615 si,
1222 534 1276 600 di-

171 631 176 638 ’
245 627 346 698 misso
360 626 509 696 beneficio
518 643 667 718 ,rogaret
679 627 774 694 talem
786 625 865 694 illo
855 625 1006 694 mvestiri.

233 747 237 788 ι
294 723 358 790 Sed
372 747 433 790 non
446 737 550 816 posset
573 725 662 790 antea
677 722 839 814 designare
853 745 1076 804 successorem,
1102 721 1196 790 etiam
1210 723 1277 792 sine
1338 729 1341 732 ’

251 833 354 913 pacto,
369 817 429 885 nisr
419 817 625 908 resignando
640 843 755 889 coram
752 815 793 884 S
802 815 843 882 P.
862 815 900 882 ld
916 815 997 888 enim
1009 819 1077 907 jure
1087 819 1230 887 vetitum.

293 913 451 981 Caeterum
465 913 648 982 confidentia
662 929 740 981 esset
754 913 829 1001 juris
844 911 959 994 divini,
985 937 1010 978 ιι
1002 912 1143 982 diceret
1157 929 1273 1012 tempo·

246 1006 317 1078 rade
331 1009 437 1076 datum
449 1007 500 1076 vel
512 1007 698 1102 promissum
713 1033 769 1104 pro
784 1006 952 1100 spirituali,
976 1006 1069 1074 vel
1040 1007 1187 1076 vrcissim.
1297 1002 1301 1012 ’

276 1175 318 1241 (α)
330 1177 444 1237 Etiamsi,
455 1171 605 1238 probabilius
617 1171 689 1236 iuxta
699 1163 759 1224 alios
778 1171 860 1224 contri
874 1176 949 1234 aiios,
968 1187 1017 1222 non
1035 1175 1154 1224 habeatur
1167 1167 1274 1226 intentio
1339 1216 1349 1224 .

247 1249 351 1308 pactum
360 1245 489 1310 implendi,
499 1246 543 1295 aut
552 1257 579 1297 ao
590 1237 712 1306 obligandi
722 1257 729 1304 ;
740 1243 978 1308 quaesimoniotunc
986 1245 1042 1292 ticta
1052 1244 1151 1293 dicitur.
1250 1297 1252 1301 ,

667 1451 674 1464 .
698 1385 736 1454 ‘s
754 1390 804 1436 ιιι.

469 1529 511 1599 ita
520 1531 615 1583 malitia
623 1531 743 1592 simonie,
754 1531 780 1580 et
788 1531 869 1593 ponis
877 1531 906 1582 in
915 1540 970 1582 eam
980 1519 1047 1583 iat‘is.

293 1683 366 1748 300.
387 1677 541 1760 Smoun,
565 1675 674 1744 saltem
693 1677 770 1766 juris
786 1675 883 1744 divini
909 1677 959 1760 (a)
986 1691 1205 1770 est-peccatum
1228 1700 1273 1748 cn·
1305 1722 1311 1734 ·

249 1781 317 1842 toto
329 1795 443 1863 genere
455 1793 510 1838 suo
523 1729 665 1851 rirortale,
681 1785 710 1838 et
724 1770 940 1861 gravissimum
948 1772 1055 1861 [19t],
1075 1772 1216 1841 omnibus
1229 1774 1272 1840 ie-

249 1869 351 1962 ςίιιιιι
354 1869 533 1949 adversans,
560 1881 590 1934 et
605 1866 745 1956 obligans
759 1865 799 1932 ad
818 1865 1038 1934 restitutionem
1047 1867 1138 1958 pretii
1153 1869 1271 1962 accepti

246 1987 288 2032 ex
302 1979 412 2058 pacto,
437 1977 530 2031 etlam
542 1977 656 2044 tacito
681 1963 786 2055 utpote
811 1959 927 2054 accepti
942 1959 1007 2029 sine
1026 1961 1132 2046 titrdo,
1156 1963 1213 2030 sed
1232 1988 1270 2030 ex
1314 2051 1323 2060 ,

248 2073 411 2128 contractu
425 2057 509 2125 omni
521 2061 590 2150 jure
603 2057 751 2125 invalido.

290 2155 369 2223 Ex'
359 2180 426 2245 lure
444 2151 588 2222 canonico
604 2152 756 2222 restitutio
776 2151 931 2220 fructuum
945 2151 1129 2222 beneficii
1105 2152 1269 2222 srmoniacc
1315 2216 1322 2220 .

248 2249 367 2321 obtenti
379 2249 519 2316 faciunda
534 2263 579 2316 est
593 2247 748 2332 ecclosiae'
740 2247 885 2336 rnjuriam
898 2273 999 2358 passae
1010 2250 1068 2334 (b).

289 2343 327 2412 In
350 2343 567 2412 materiaverb
581 2369 645 2410 non
665 2342 854 2424 beneficiali,
884 2369 912 2410 er
904 2343 1001 2410 'fieri
1015 2344 1108 2412 dehet
1129 2343 1181 2436 qui
1194 2369 1270 2438 pre-

247 2438 326 2506 tium
340 2439 442 2523 dedit
470 2465 520 2507 cur
509 2419 747 2506 confessarius
768 2435 960 2528 prudenter
950 2440 1089 2530 mjunget
1103 2437 1181 2508 illud
1195 2441 1270 2507 dare

248 2534 445 2628 pauperibus

279 2703 315 2766 (o)
327 2703 389 2752 Sunt
398 2715 442 2764 qur
434 2700 582 2750 autument
601 2700 730 2750 simoniam
740 2657 803 2759 juris
816 2697 976 2750 ecclesiastici
995 2699 1125 2750 admittere
1139 2700 1268 2751 levitatem

247 2773 366 2830 materia,
377 2785 403 2820 ι
414 2783 486 2832 ss,rn
494 2783 576 2830 parus
587 2769 827 2821 commutationibus.
897 2810 900 2818 .

278 2837 313 2903 (b)
324 2805 374 2888 Saia
384 2840 422 2886 itii
433 2840 473 2887 cni
484 2839 577 2886 cedunt
592 2839 686 2886 tructus
696 2838 810 2886 beneficii
820 2836 943 2894 vacantis,
950 2837 1067 2899 inquiunt
1076 2837 1267 2900 8ιιιιιι,1)ιιιι,

246 2908 311 2969 eto,
321 2909 418 2957 vacant
428 2907 663 2956 emmbcneficrum

277 2971 397 3024 Sedcirctt
407 2987 489 3022 omma
497 2977 549 3024 baec
559 2976 648 3034 ,plura
658 2973 715 3023 vide
726 2973 792 3035 apud
800 2976 998 3038 auctores,qu1
991 2989 1017 3055 ιιι
1034 2977 1120 3026 multis
1129 2973 1217 3038 parim
1229 2977 1269 3025 ta-

204 3105 205 3108 ,
247 3055 306 3092 men
315 3042 471 3091 concordant.

702 3138 815 3154 -ῌ

204 3217 208 3234 =
286 3190 361 3254 301.
380 3181 522 3251 Srmonra
534 3181 650 3248 nnllam
660 3207 784 3278 poenam
795 3181 1051 3253 ecclesiasticam
1041 3199 1202 3278 importat
1218 3209 1267 3254 ca·

244 3279 329 3352 sibus
343 3277 530 3386 quibusdam
544 3279 695 3372 exceptis,
717 3279 779 3348 nisi
792 3279 998 3348 committatur

285 3371 375 3442 Vel
364 3397 398 3440 m
410 3371 550 3463 ingressu
568 3373 601 3439 in
614 3373 811 3468 religionem,

284 3463 666 3553 Velinordinationibus,

203 3640 205 3648 ,
282 3563 394 3634 Velm
407 3563 581 3646 beneficiis,
602 3564 660 3632 sub
670 3563 780 3656 quibus
795 3559 1094 3652 comprehenduntur
1108 3561 1229 3632 officia
1218 3590 1264 3651 Ju-

243 3658 453 3761 risdictionem
476 3659 679 3774 spiritualem
677 3656 865 3766 habentia,
881 3673 915 3724 ut
901 3657 1110 3765 praelaturae
1139 3658 1262 3748 regula-

220 3833 222 3844 .
243 3755 344 3834 rium
362 3745 443 3849 qirae
445 3779 506 3824 non
504 3753 709 3824 consistunt
708 3749 743 3818 in
755 3750 970 3848 commissione
984 3753 1023 3820 ad
1043 3768 1145 3820 nutum
1168 3775 1261 3818 reto-

242 3846 347 3918 cabili.
736 3875 737 3880 ¹
850 3872 853 3878 ·
