2932 4658
547 233 817 294 necarunt.
877 297 886 316 ‚⁶
1145 222 1222 321 389
1270 279 1279 291 ,

190 342 252 386 nori
264 313 357 386 solvit
371 317 487 388 tributa
499 319 600 408 justa,
615 321 761 394 violando
771 324 935 414 iustitiam
947 323 1082 420 legalem
1093 325 1219 420 ‚simul

189 413 285 480 violat
304 415 554 487 commutativam
574 417 773 488 resultantem
794 447 833 490 ex
854 437 945 514 pacto
968 422 1120 518 implicito
1133 425 1218 499 inter

185 507 362 602 principem
376 525 406 594 et
418 509 514 580 cives.
536 511 591 581 Sic
604 513 717 600 iterum
730 513 786 607 qui
798 515 914 584 tributa
927 543 989 586 non
1002 517 1159 588 distribuit
1172 520 1216 590 ad·

182 603 394 695 'aequalitatem
407 607 643 697 geometricam,
655 607 958 700 violandojustitiain
971 613 1213 698 distributivam,

188 699 280 766 simul
302 699 397 768 violat
423 703 673 772 commutativaur
697 705 897 774 resultantem
922 734 959 776 ex
988 710 1097 778 eodem
1119 726 1213 806 pacto

187 792 337 954 {inplicito
356 797 442 890 quud
463 797 578 866 tributa
590 799 632 867 ad
651 800 858 894 aequalitatem
871 805 1090 896 geometricam
1100 806 1214 876 distri·-

210 906 352 957 necentur
633 955 635 960 ,
1217 913 1232 939 ··
1280 925 1290 945 .

220 971 379 1042 Con‘clude
401 973 556 1062 objectum
573 973 717 1061 formale
741 973 833 1067 quod,
850 972 978 1062 justitiae
999 975 1132 1059 strictae,
1156 1003 1211 1046 sen

172 1066 274 1174 ipsius
282 1068 452 1162 principale
462 1069 629 1153 intentum,
642 1073 854 1159 essnjustom,
867 1095 921 1138 seu
932 1073 1054 1162 cequalo
1064 1053 1209 1142 arithme-

110 1183 114 1191 ‘
174 1177 273 1230 trcum
287 1163 378 1232 alteri
390 1164 527 1258 perfecte
544 1163 706 1246 distincto,
723 1163 774 1234 vel
792 1180 827 1234 ut
839 1164 896 1232 tali
910 1165 1104 1236 considerato
1123 1167 1209 1236 debi-
1247 1213 1249 1217 -

177 1268 244 1328 ium
253 1311 273 1359 ,p
278 1285 452 1355 supponens
465 1262 597 1356 proinde
611 1260 645 1328 in
658 1261 757 1330 altero
769 1261 821 1351 jus
833 1261 988 1348 strictum.

218 1354 256 1425 Si
277 1371 474 1422 conservetur
495 1371 548 1422 aut
562 1371 721 1448 reparetur
737 1353 798 1422 hoc
819 1353 936 1446 aequale
957 1352 1199 1433 arithmeticum,

175 1449 210 1516 iit
221 1465 304 1519 aetus
319 1449 445 1540 justitiae
459 1451 584 1520 striciae.
599 1452 713 1527 Secus,
725 1449 875 1540 injustitia
885 1449 1084 1518 committitur
1094 1448 1200 1516 stricte
1209 1490 1224 1518 ι.

176 1543 275 1627 dicta,
299 1545 333 1613 ni
357 1546 435 1614 alter
458 1547 639 1615 consentiat.
666 1545 704 1614 si
729 1543 812 1614 enim
832 1545 1033 1628 consentiret,
1051 1542 1200 1634 injustitia

174 1637 295 1706 abesset
303 1674 317 1722 ,s
325 1639 398 1733 quia
407 1641 536 1736 quisque
550 1657 594 1711 est
605 1666 730 1710 suorum
739 1639 891 1708 bonorum
900 1639 1031 1708 fortunae
1045 1637 1198 1720 dominus,

175 1746 207 1800 et
220 1733 291 1802 inde
309 1734 430 1803 axioma
446 1767 454 1805 ι
471 1737 592 1806 Scienti
607 1746 638 1806 ot
651 1735 771 1805 uolenti
782 1737 902 1826 nonsit,
914 1735 1088 1823 injustitia,
1104 1733 1201 1800 modo

174 1843 278 1896 tamen
294 1855 457 1900 consensus
466 1826 538 1922 ,non
552 1833 592 1900 sit
603 1831 706 1900 nullus
718 1884 727 1912 ,
743 1829 844 1924 qualis
858 1830 883 1897 si
900 1829 1199 1919 doloobtiueretur,

174 1938 227 1988 aut
238 1923 288 2011 jus
297 1948 359 1990 non
372 1925 413 1992 sit
426 1925 653 2005 inatat'ccbilc,
667 1925 802 1994 aliterve
807 1923 879 2017 quis
889 1925 930 1995 ad
947 1923 1199 1993 consentiendum

175 2015 319 2085 inhabilis
331 2019 497 2105 reddatur(
516 2022 541 2104 ).

214 2109 401 2201 injustitiam
426 2127 527 2180 autem
551 2113 693 2182 inbonis
716 2112 848 2182 somma
871 2111 1016 2207 prohibet
1030 2111 1198 2207 septimum

174 2205 314 2300 decalogi
326 2199 513 2302 praeceptum
525 2223 555 2276 et
569 2207 651 2277 illius
665 2208 890 2306 reparationem
899 2207 1052 2303 praecipit.

205 2373 241 2438 (a)
251 2375 314 2424 Hine
324 2376 390 2425 inter
399 2377 494 2438 patrem
505 2379 531 2428 et
542 2378 633 2440 filium,
644 2379 760 2428 maritum
770 2379 796 2428 et
811 2391 929 2438 uxorem,
949 2379 1075 2426 domiuum
1091 2377 1118 2426 et
1128 2389 1198 2424 man⁴
1346 2431 1350 2439 .

173 2444 267 2504 cipiunt
276 2447 398 2506 spectatos
407 2443 455 2507 qut
466 2449 541 2507 tates,
554 2449 637 2509 idest,
649 2445 770 2508 quatenus
780 2447 944 2506 subjiciuntur
954 2449 1049 2507 iegibus
1060 2445 1153 2508 aliquid
1167 2447 1195 2495 in

173 2525 302 2562 commune
312 2516 495 2576 ordinantibus,
506 2529 551 2565 seu
568 2515 688 2577 quatenos
700 2517 763 2564 iilius
782 2521 819 2564 esi
829 2517 924 2577 aliquid
937 2518 1093 2578 patris‚,pars
1102 2515 1195 2575 patris,

77 2597 82 2612 ·
173 2580 232 2640 etta,
243 2593 292 2628 non
302 2583 372 2630 datur
380 2584 476 2642 iustitia
487 2586 585 2644 strieta3
596 2585 640 2634 sed
649 2585 715 2645 qnod
724 2585 758 2631 sic
769 2585 871 2644 spectati
882 2585 930 2631 sibi
941 2585 1047 2642 debent,
1059 2583 1151 2630 debent
1162 2594 1196 2632 ex

172 2661 268 2711 amore,
282 2651 434 2711 reverentia,
450 2655 556 2714 pietate,
569 2655 672 2714 aliisque
684 2654 827 2704 virtutibus.
843 2653 885 2699 Ast
895 2649 958 2712 supe
970 2651 1196 2699 considerantnrut

172 2729 281 2778 personae
291 2719 422 2781 distinctae,
434 2734 479 2769 seu
487 2719 559 2781 prout
567 2723 669 2770 subsunt
683 2722 778 2780 iegibus
786 2720 896 2782 quaedam
907 2722 970 2768 bona
980 2721 1150 2768 ordinantibus
1167 2719 1196 2768 in

171 2787 305 2835 utilitatem
317 2788 498 2837 nniusseorsirn
508 2791 538 2836 ab
549 2791 657 2838 utititate
671 2789 785 2849 atterius,
802 2801 846 2836 seu
859 2789 903 2835 uni
918 2788 1059 2836 faventibus
1077 2783 1195 2836 adversita
1242 2808 1247 2815 ·

171 2854 289 2915 ulterum3
299 2857 325 2904 et
334 2859 435 2908 subhoo
446 2859 558 2918 respectu
567 2859 632 2907 inter
642 2871 684 2906 eos
692 2858 779 2906 existit
794 2856 905 2918 portenta
917 2859 1033 2906 alteritas.

203 2921 237 2984 (t)
248 2921 317 2972 Modb
327 2919 407 2974 adulo
418 2939 548 2975 cernemus
558 2940 606 2974 uon
617 2928 648 2974 sit
661 2927 786 2974 moraliter
794 2926 890 2986 nullus,
902 2926 982 2986 qualis
996 2927 1033 2973 est
1042 2924 1071 2972 in
1080 2923 1194 2972 solvente

170 3003 268 3052 usuras,
280 2995 323 3042 aut
338 2996 444 3054 pretium
455 2997 492 3044 rei
508 2997 596 3054 emptae
605 2996 672 3053 iusto
682 2995 769 3052 majus.
781 2995 916 3042 consensus
926 2994 993 3041 enirn
1002 2994 1038 3041 est
1052 2993 1111 3040 tune
1122 2991 1154 3040 de
1164 3004 1193 3040 ro

170 3061 324 3122 impossibili,
334 3064 393 3122 quia
403 3063 462 3112 dans
473 3076 572 3123 usuras,
584 3065 627 3111 aut
637 3064 733 3112 solvens
744 3058 807 3110 uitri
817 3061 926 3122 pretium
934 3062 1028 3121 justum
1035 3059 1044 3124 l
1051 3060 1194 3110 vendenste

171 3123 246 3192 iniri)
259 3142 308 3178 non
318 3133 370 3178 vuit
378 3131 435 3178 dare
446 3129 534 3190 gratis,
544 3133 587 3180 sed
598 3127 712 3192 tanqn'am
723 3132 841 3191 pretium.
852 3134 882 3180 Ρ.
897 3131 959 3180 Gob.
971 3133 1029 3180 Ant.
1152 3174 1154 3178 .

200 3199 302 3246 Possunt
311 3201 395 3248 tamen
405 3211 458 3248 esse
469 3211 538 3248 casus
548 3203 574 3248 in
585 3202 794 3261 quibusexeessus
805 3202 870 3248 esset
880 3200 978 3248 donatio
994 3199 1117 3258 liberalis,
1125 3193 1193 3258 qnod

171 3279 205 3316 ex
214 3268 403 3319 circumstantiis
412 3271 448 3318 est
458 3271 651 3328 dijudicandum.
662 3270 710 3320 Sed
719 3270 777 3320 nou
786 3265 911 3323 ordinariis
921 3282 1019 3333 errare,
1028 3270 1073 3334 qui
1084 3270 1147 3319 irene
1155 3267 1192 3316 ti·

172 3335 601 3390 lerncmdonationemobtendunt.

506 3700 607 3752 niuis
621 3697 717 3752 ronti
739 3699 858 3752 enini.
