2932 4658
214 455 219 464 ι
276 359 349 462 ²94
451 445 457 458 ⁴
533 373 1039 447 nnouannooancnrro
1087 432 1090 440 ,

271 625 274 630 ’
656 637 925 788 Quanruu
985 689 988 698 ’

381 867 721 956 nncauoer
747 865 1193 966 armenorum,

298 1060 431 1124 Honora
447 1061 576 1144 patrem
588 1059 676 1118 tuum
692 1057 723 1115 ot
737 1056 874 1116 matram
891 1057 1000 1128 tuom,
1013 1055 1048 1115 ut
1063 1046 1107 1116 sis
1121 1046 1285 1138 longevus.
1358 1134 1362 1140 .

672 1155 910 1232 superterram.

301 1325 302 1332 ’
319 1314 394 1383 Hoc
407 1307 593 1409 particulare
606 1311 701 1382 habet
710 1326 900 1406 praeceptum
912 1311 1008 1394 istud,
1018 1311 1102 1404 quod
1112 1310 1247 1405 primum
1260 1311 1301 1381 sit

279 1410 369 1481 exiis
384 1435 452 1504 quae
460 1410 500 1478 ad
507 1409 685 1504 proximum
696 1409 812 1476 directb
827 1423 975 1501 spectant,
991 1407 1163 1501 habeatque
1177 1408 1302 1498 adjunc-

278 1519 344 1574 tam
362 1504 516 1574 mercedis
532 1502 712 1599 temporalis
735 1502 768 1570 in
791 1501 850 1571 hec
869 1500 948 1586 vita,
966 1517 996 1570 et
1015 1501 1255 1598 supernaturalis
1267 1502 1302 1571 iu

279 1599 395 1682 alterb,
409 1599 658 1696 promissionem.

321 1695 359 1763 ln
374 1695 537 1792 Scriptura
551 1710 582 1762 et
600 1695 681 1787 apud
698 1693 859 1789 profanos,
873 1691 999 1762 nomine
1012 1709 1136 1788 patrum
1150 1694 1301 1762 donantur

278 1803 407 1872 tutores,
417 1815 522 1858 omnes
532 1790 705 1882 superiores
716 1811 876 1881 senesque,
889 1804 919 1856 et
926 1814 1050 1856 nomme
1057 1787 1190 1856 liliomm
1197 1813 1302 1858 omnes
1332 1801 1334 1806 '

280 1883 407 1978 subditi.
424 1884 506 1974 Quae
515 1887 590 1975 ergb
601 1884 641 1952 de
654 1883 821 1978 reciprocis
832 1883 968 1950 filiorum
981 1899 1180 1977 etparentum
1190 1884 1305 1952 officiis

279 1977 475 2068 generalibus
485 1977 646 2060 dicentur,
665 1979 704 2047 de
723 1977 856 2046 aliorum
870 1977 1053 2046 inferiomm
1070 1979 1302 2070 etsuperiorum

173 2127 177 2136 .
280 2071 392 2142 officiis
414 2099 484 2142 cnm
510 2069 710 2169 proportione
734 2073 818 2142 dicta
843 2089 949 2157 crunt,
974 2074 1134 2168 solumque
1154 2075 1306 2184 addemus

280 2169 517 2262 particulaibus
534 2169 646 2238 horum
660 2185 794 2240 statuum
808 2169 920 2239 officiis
934 2170 1077 2267 propria.

688 2465 848 2529 CAPUT
869 2467 899 2527 1.
966 2477 968 2486 ’

488 2632 525 2668 Μ
540 2633 671 2669 ΟΠΙΕΙΙΒ.
684 2635 828 2672 meloni!
843 2636 920 2670 ERGA
934 2634 1096 2671 natuturae.

322 2758 679 2844 moenimenta,
695 2789 794 2848 amor,
811 2762 1027 2833 obedientiaet
1040 2764 1307 2858 subsidiumque

281 2854 387 2922 omnia
399 2857 457 2924 sub
470 2855 587 2925 bonore
601 2859 794 2927 continentur
814 2862 898 2944 [36].

324 2953 396 3016 333.
413 2949 512 3040 Igitur
521 2951 589 3034 filii,
605 2952 698 3020 etiam
707 2953 874 3046 illegitimi,
887 2970 1030 3049 parentes
1043 2956 1156 3026 debent
1170 2955 1305 3024 exteriirs

282 3041 471 3136 interiusque
486 3045 622 3114 revereri
634 3047 695 3133 (a)
1126 3047 1129 3054 ⁴

323 3139 505 3232 Amareque
520 3138 692 3237 specialiter
711 3143 757 3230 (b)
773 3144 843 3239 plies
860 3148 954 3240 qu'am
968 3146 1056 3228 alios,
1072 3161 1105 3212 ut
1117 3142 1306 3237 principales

281 3235 410 3326 nempe,
426 3249 496 3329 post
511 3234 632 3317 Deum,
647 3236 719 3306 vitae
740 3255 879 3310 auctores
893 3259 923 3310 et
936 3242 1052 3336 primos
1074 3237 1302 3320 benefactores,

283 3327 493 3422 imaginesque
506 3329 592 3399 vivas
611 3330 674 3400 Dei
690 3349 720 3403 et
737 3336 825 3428 quasi
838 3336 971 3426 legatos3

323 3422 509 3494 lis'obedire
518 3423 552 3492 in
569 3425 660 3494 rebus
675 3427 708 3496 in
721 3431 832 3524 quibus
847 3430 907 3496 illis
924 3428 1053 3496 subsunt
1064 3429 1127 3514 (ὡς

322 3515 504 3611 Eorumque
526 3520 757 3592 necessitatibus
786 3521 998 3620 spiritualibus
1021 3539 1052 3594 et
1077 3524 1303 3620 corporalibus,

283 3611 377 3682 etiam
391 3615 613 3698 communibus,
625 3619 789 3687 subvenire
807 3621 871 3706 (d).

324 3706 369 3775 Et
382 3705 448 3777 haec
464 3711 568 3778 omnia
587 3713 644 3780 sub
663 3713 786 3780 mortali
801 3736 845 3782 cx
861 3736 977 3804 genero
997 3737 1074 3794 suo,
1087 3741 1144 3783 nec
1160 3725 1303 3782 excusant

282 3800 445 3898 parentum
455 3805 593 3880 detectus
604 3821 634 3879 et
646 3806 739 3900 uitia,
757 3807 831 3902 quia
846 3806 919 3880 hinc
935 3815 1041 3881 eorum
1051 3807 1132 3878 tituli
1147 3831 1207 3873 non
1220 3804 1306 3876 aulc-

284 3911 404 3970 cuntur.
820 3907 822 3912 ’

1449 3801 1455 3836 l
