2948 4676
272 327 320 402 50
599 341 654 394 DE
674 337 969 396 SACRAMBNTO

269 429 351 502 scire
360 427 400 498 aci
412 425 613 518 judicandum
623 426 662 494 de
672 451 706 493 re
717 441 873 520 spectante
887 427 927 494 ad
940 441 1125 523 praesentem
1133 427 1298 501 consessio-

267 546 352 606 nem,
363 523 413 592 vol
424 520 464 592 ad
474 521 653 618 poenitentis
663 522 778 590 honum
788 521 948 615 spirituale
960 523 1064 614 magni
1074 527 1222 594 momenti
1232 528 1294 615 (d).

309 618 385 688 Non
406 634 582 712 quaerantur
604 621 678 708 orgia
699 621 719 686 ai
741 617 960 711 poenitentibus
980 645 1043 688 non
1061 621 1235 690 necessaria
1254 623 1297 693 ati
1332 683 1336 688 .

268 712 384 784 bonum
401 713 526 782 iliormn
545 712 701 803 regimen,
723 712 787 781 imo
801 739 859 782 nec
877 713 918 781 ad
931 713 1011 783 iilud
1029 715 1163 790 'muitum
1182 719 1296 787 condu-

259 808 384 898 centia,
402 807 430 876 si
448 807 579 876 timendi
593 808 677 876 locus
691 809 751 894 sit,
771 823 881 878 utnon
899 812 988 888 raro,
1006 835 1047 878 ne
1064 833 1101 878 ea
1118 831 1159 878 ox
1173 811 1295 904 pudore

267 919 381 1000 negent
393 901 444 972 vel
458 929 497 972 ex
511 902 690 998 aliilcausi.

299 1089 336 1156 (ol
346 1093 436 1153 Quales
445 1093 534 1154 puella
545 1093 626 1145 forsan
642 1105 692 1142 non
707 1105 791 1154 paucas
802 1105 857 1155 qun
869 1091 992 1146 affimant
1008 1105 1062 1145 sese
1077 1092 1134 1143 totis
1144 1093 1240 1146 viribus
1250 1095 1296 1146 ‹le-

266 1163 374 1214 anuos
384 1162 416 1210 ab
426 1163 582 1222 amplexibus
591 1163 632 1210 vei
648 1163 754 1210 tactibus
764 1161 912 1210 libidinosis.

296 1226 407 1290 Qualesi
417 1231 512 1280 fortiori
523 1232 575 1290 illi,
586 1233 644 1292 qui,
655 1232 684 1279 ut
694 1227 775 1291 saepi,
786 1233 929 1292 peecatum,
942 1229 968 1276 in
977 1228 1169 1280 confessionibus
1179 1232 1294 1293 praeterl-

266 1297 300 1352 tis
307 1299 427 1360 celatum,
438 1303 552 1348 accusant
563 1298 709 1360 simpliciter
717 1332 725 1358 ,
733 1299 777 1347 aut
787 1291 866 1347 solim
873 1300 902 1347 ut
910 1297 1036 1346 omissum.

296 1366 332 1431 (b)
348 1368 395 1428 Qui
411 1367 523 1428 pluribus
537 1369 641 1417 utuntur
654 1367 822 1426 confessariis,
834 1365 893 1424 uui,
913 1367 956 1426 qui
971 1366 1108 1416 ordinarius
1118 1368 1169 1429 est,
1183 1371 1290 1419 venialia

266 1435 375 1497 unium,
386 1437 441 1485 aliis
451 1437 534 1498 gravia
549 1437 716 1497 declarantes,
733 1435 873 1484 mortaliter
889 1430 972 1482 contr'a
988 1433 1156 1484 sinceritatem
1172 1442 1289 1502 peccant,

264 1506 346 1569 inquit
351 1506 472 1566 steyaert.
484 1505 723 1556 Attamen-‘fuscaret
733 1505 831 1566 Sylvius
840 1501 880 1552 hic
890 1504 1084 1554 nonvidentnisi
1091 1506 1188 1566 culpam
1199 1509 1289 1570 levem,

264 1589 320 1636 quae
333 1569 495 1623 nibilominus
509 1574 591 1636 polest
605 1587 651 1634 per
665 1573 782 1621 accidens
796 1585 849 1620 osse
861 1573 958 1632 gravis,
967 1585 1000 1620 ex
1010 1583 1040 1622 eo
1052 1574 1290 1637 quodstatuspoeni.

265 1641 341 1691 tentis
348 1643 496 1690 confessario
507 1639 569 1690 torti
580 1654 629 1689 non
637 1641 783 1700 innotescit3
795 1641 821 1688 et
831 1641 866 1688 sle
876 1643 995 1689 sent-irem

296 1705 330 1774 (c)
339 1711 392 1758 Non
400 1705 498 1758 facilius
507 1711 538 1756 ab
549 1710 668 1758 iterandis
677 1709 872 1757 confessionibus
883 1709 1021 1758 eximendae
1031 1711 1088 1758 sunt
1098 1721 1166 1770 quac,
1177 1714 1205 1762 nt
1215 1709 1290 1762 citius

264 1779 423 1828 Eucharistiae
440 1778 572 1838 participes
583 1778 657 1837 liant,
672 1778 763 1826 ieviter
773 1776 929 1826 mentiuntur
943 1779 970 1826 in
981 1779 1141 1828 confessione.
1153 1781 1205 1828 lam
1221 1784 1288 1831 enim

264 1848 298 1894 ob
307 1847 430 1896 mendacii
439 1845 642 1896 consuetudinem
657 1842 741 1894 meust
754 1843 822 1894 sacri
833 1844 954 1908 indignae,
966 1848 1046 1896 collat.
1057 1847 1127 1906 Quod
1141 1857 1195 1895 curn
1211 1863 1288 1910 grano

216 1921 221 1928 '
264 1916 322 1964 salis
332 1916 480 1975 acciperem.

294 1986 369 2034 Nota:
379 1981 451 2032 facili
461 1979 565 2044 saepiirs,
580 1978 672 2043 ipsu
683 1983 770 2030 saltem
780 1981 865 2032 contra
875 1981 1043 2032 sinceritatem
1055 1979 1143 2045 culpi,
1157 1983 1188 2033 ob
1197 1985 1286 2034 bonam

264 2053 338 2102 fidem
347 2053 498 2102 excusantur
507 2053 646 2113 simplices,
663 2051 756 2111 ignari,
767 2051 863 2111 timidi,
874 2051 1011 2112 scrupulosi
1023 2053 1064 2113 qul
1080 2057 1181 2114 peecata
1197 2058 1288 2116 augent

263 2123 305 2171 vel
316 2119 473 2183 peccatorum
482 2133 622 2170 numerum.
632 2115 682 2167 irnb
692 2132 742 2167 non
752 2119 949 2180 estimpossibite
959 2122 1085 2182 quosdam,
1097 2124 1128 2170 ob
1136 2124 1217 2171 laesam
1228 2121 1289 2172 ima·

263 2189 428 2252 ginationem,
440 2203 554 2237 accusare
565 2203 620 2250 quae
633 2201 682 2236 non
695 2189 864 2248 fecemnt,'et
878 2184 998 2236 iiortiori
1011 2191 1040 2237 ut
1054 2192 1149 2238 certum
1163 2191 1228 2251 quod
1240 2192 1287 2239 ‹lu-

264 2257 333 2308 bium
344 2259 389 2306 est.
401 2255 536 2318 aliquando
553 2259 629 2306 etiam
641 2257 766 2316 simplices
782 2259 886 2307 utuntur
897 2258 1069 2320 propositione
1083 2260 1173 2310 circiter
1182 2255 1241 2309 ditm
1250 2262 1288 2310 la·

264 2325 769 2376 naennumerumenunciantadamussim.
1188 2347 1191 2350 ·

296 2393 370 2459 tolli.
380 2407 406 2456 ς.
430 2393 462 2444 cie
471 2392 572 2454 babitu,
583 2394 723 2454 occasione,
739 2394 911 2460 restitutione,
920 2396 1064 2458 somnone,
1075 2397 1124 2448 etc.

732 2565 816 2631 51¹¹·
859 2569 861 2574 ·
900 2634 902 2640 7

303 2731 357 2820 69.
372 2725 512 2798 Hnnmrs
524 2729 567 2798 sit
580 2724 746 2799 consessio.

303 2825 344 2894 ld
358 2825 446 2894 decet
457 2839 544 2892 reum
553 2824 634 2894 laesae
645 2823 816 2914 majestatis
829 2824 943 2894 divinae
953 2843 985 2898 et
997 2822 1119 2900 &emis
1129 2829 1286 2925 suppliciis

263 2922 410 3012 iignum,
426 2919 481 3011 qui
494 2919 574 3012 petit
585 2919 720 2987 veniam.

301 3013 408 3084 iteris
424 3012 499 3103 ergo
520 3013 666 3103 genibus,
688 3015 787 3108 capite
804 3015 943 3100 detecto,
963 3019 1111 3112 depositis
1127 3019 1238 3101 armis,
1257 3036 1287 3086 et

261 3105 359 3178 oculis
373 3105 533 3188 demissis,
548 3107 689 3177 facienda
702 3125 748 3176 est
762 3109 925 3178 confessio.

303 3201 371 3272 Sed
389 3227 451 3270 non
469 3202 582 3296 sapius
597 3207 634 3272 e'o
650 3229 746 3298 usque
762 3203 960 3298 progreditur
980 3203 1013 3270 in
1030 3202 1220 3272 confessione
1236 3228 1286 3272 su·

260 3296 386 3395 perbia,
401 3311 436 3364 ut
447 3323 514 3366 cam
527 3322 583 3392 per
599 3322 632 3365 se
644 3299 761 3365 nullam
776 3298 901 3374 roddan
916 3297 1072 3366 ordinarii
1085 3322 1147 3365 non
1165 3313 1212 3370 est
1224 3298 1285 3368 nisi

260 3383 384 3487 εῐὲῃυω
395 3392 525 3464 minoris
538 3392 730 3462 contritionis
744 3407 797 3492 aut
808 3391 912 3461 totalis
927 3392 992 3481 ejus
1005 3391 1157 3462 deiectis.
1219 3399 1222 3404 ’

733 3582 810 3648 siv.

302 3774 354 3826 vo.
369 3749 519 3822 Pnunnns
532 3751 573 3820 sit
587 3742 750 3820 confessio.

269 3919 274 3928 ‚
301 3844 340 3914 id
353 3860 415 3922 est.
427 3845 653 3939 verbispaucis
668 3859 698 3914 et
711 3843 819 3932 castis,
835 3843 1059 3920 sufficientibus
1073 3861 1192 3928 umen,
1209 3869 1279 3940 pcc·
