2984 4666
266 325 360 417 ⁴nro
567 317 621 417 ιιι
642 357 777 414 ιιιιιιιο
799 317 1044 416 inuenero
1141 357 1143 366 ‘

629 551 632 556 ·
674 523 931 574 terrenitati.
981 519 982 522 '

702 669 777 722 De
788 636 875 718 bello·

331 816 402 882 253.
428 810 556 880 Bellum
570 826 616 882 est
627 811 752 906 publica
765 837 924 880 armorum
937 809 1110 906 assumptio
1128 807 1235 882 eontra
1257 811 1324 914 err-i

286 923 426 991 trancos,
447 907 626 1024 reipublicae
643 909 765 976 tuendae
784 906 834 976 vel
852 907 1046 976 vindicandae
1066 909 1167 976 causi.

328 1003 376 1072 Ut
395 1005 435 1074 sit
455 1005 602 1096 justum,
618 1003 686 1072 lieri
705 1005 798 1071 debet
813 1005 994 1073 auctoritate
1012 1004 1157 1100 publici,
1179 1005 1261 1095 justi
1276 1003 1316 1073 do

288 1100 458 1186 caust(a),
482 1114 598 1166 etcum
610 1098 823 1167 moderamine
843 1099 960 1167 debito

328 1195 373 1264 Et
387 1209 420 1263 ut
432 1193 591 1262 licitum
566 1211 606 1262 s1t
620 1221 690 1262 curn
702 1195 871 1263 intentione
885 1197 982 1262 rectae

330 1289 435 1364 Causa
448 1305 548 1358 autern
564 1289 750 1379 bellijusta,
775 1306 821 1358 est
834 1289 1018 1382 gravissima
1032 1288 1167 1382 principi
1181 1288 1230 1358 vel
1244 1281 1315 1358 sub-¹

288 1384 380 1467 ditis,
395 1385 446 1454 vel
459 1385 681 1466 confederatis,
697 1385 748 1454 vel
758 1385 903 1478 religioni
913 1385 1000 1453 illata
1008 1384 1136 1474 injuria,
1152 1409 1245 1479 quarn
1256 1385 1316 1454 tol·

288 1480 371 1562 lere,
386 1481 436 1550 vel
450 1505 508 1574 pro
521 1482 582 1574 qua
595 1479 774 1549 satisfacere
788 1496 994 1574 recusetpars
1006 1481 1147 1548 adversa.

324 1575 395 1644 Sed
406 1602 468 1644 non
478 1575 632 1643 sufficiens
644 1601 735 1646 causa
747 1591 792 1644 est
801 1577 895 1645 timor
905 1601 944 1642 ne
954 1575 1073 1645 vicinus
1083 1576 1237 1669 potentior
1249 1599 1317 1644 eva-
1353 1591 1365 1613 ⁰

288 1669 342 1737 dat
356 1686 387 1738 et
399 1674 506 1764 postea
519 1685 640 1737 noceat.

329 1765 453 1832 Pariter
473 1764 596 1834 nonnisi
614 1765 794 1832 auctoritate
807 1762 933 1857 publiea
943 1763 1010 1830 fieri
1024 1781 1152 1857 possunt
1170 1791 1317 1858 repraesa·

289 1859 358 1943 liae,
375 1860 542 1954 etquidem
556 1860 657 1930 soldm
670 1885 728 1956 pro
736 1859 850 1949 1nJurrd
861 1861 945 1926 certa
959 1859 1316 1952 denegatdquesutissac-

289 1957 373 2024 tione
384 1982 503 2050 ,quarn
519 1957 668 2026 excedere
680 1981 742 2022 nou
756 1955 881 2022 dehent.
970 2001 973 2006 -

330 2051 531 2122 Cessantibus
551 2056 625 2154 ergo
649 2051 748 2120 causis
774 2051 839 2121 sive
858 2075 915 2146 per
939 2049 1200 2165 satisfactionem,
1228 2051 1313 2138 sive,

290 2164 375 2228 etc„
391 2162 421 2215 et
434 2147 576 2216 bellurn
568 2172 688 2216 cessare
702 2147 804 2216 debet
1021 2167 1023 2172 ’

330 2243 440 2313 Nota.
468 2243 596 2310 Bellum
610 2259 796 2335 potestesse
818 2243 964 2338 utrinque
982 2210 1157 2312 formaliter
1179 2245 1313 2336 justnm3

290 2363 346 2405 nec
359 2351 500 2406 tenentur
514 2336 629 2405 milites
641 2337 781 2438 proprii,
800 2355 853 2406 aut
867 2340 960 2406 alieni
971 2345 1041 2408 ante
1056 2340 1173 2408 bellurn
1187 2341 1317 2409 conduc-

290 2432 330 2515 ti,
351 2430 541 2514 examinare,
560 2431 594 2497 in
607 2431 720 2514 dubio,
739 2457 778 2498 an
791 2434 904 2522 justum
919 2434 970 2501 sit.

333 2527 430 2596 Sectis
452 2527 597 2596 extranei
607 2485 744 2597 nonduin
766 2529 925 2608 conducti,
951 2531 1143 2600 neclicet
1116 2559 1159 2602 ers
1180 2505 1318 2650 pugnare

290 2623 409 2696 sub
361 2624 500 2720 principe
514 2625 553 2693 de
568 2627 654 2721 qu'us
666 2625 741 2694 belli
754 2623 872 2714 justitia
888 2625 1032 2694 dubitant
1049 2628 1107 2712 (b).

332 2721 508 2791 Mortaliter
523 2738 630 2816 peceat
643 2721 774 2817 quilibet
784 2721 901 2797 bellare
915 2738 1040 2817 paratus
1056 2722 1212 2793 inbelle
1201 2725 1317 2846 injusto

292 2817 370 2886 sicut
385 2834 414 2886 et
428 2818 568 2908 injusto.

213 2985 216 2990 “
323 2981 360 3045 (a)
374 2985 426 3031 Non
434 2984 515 3043 potest
522 2984 639 3044 princeps
649 2982 680 3032 de
688 2984 749 3032 belli
758 2983 856 3042 iustitia
867 2985 982 3034 dubiteris
991 2985 1054 3032 iilud
1064 2985 1182 3034 inducere
1191 2997 1235 3044 pro
1248 2996 1319 3044 repa·

291 3051 403 3100 ratione
396 3051 509 3108 injuriae‚
520 3062 566 3098 nec
576 3063 621 3110 pro
631 3063 659 3098 re
670 3063 744 3128 quam
754 3052 818 3099 atius
825 3053 941 3114 possidet
951 3053 1318 3112 sinenterposstdeat,he11um

291 3119 386 3170 moveri
397 3119 477 3178 potest
485 3112 569 3166 eontra
579 3130 638 3164 eum
646 3119 689 3177 qni
698 3131 747 3166 non
755 3120 810 3168 vult
820 3121 916 3179 partiri.
930 3122 1008 3170 Varii.

323 3186 436 3251 (tudem
454 3179 559 3236 ridetur
566 3186 699 3234 dicendum
716 3187 746 3235 de
765 3188 871 3236 subditis
881 3199 930 3235 non
943 3189 1018 3246 jussis
1029 3187 1137 3246 bellare,
1148 3186 1197 3234 nisi
1213 3187 1317 3270 tamen,
1424 3179 1430 3184 “

231 3263 235 3268 “
292 3257 409 3318 inpriunt
422 3266 508 3316 graves
527 3255 656 3315 auctores,
667 3255 770 3304 dubium
786 3257 819 3304 sit
834 3251 914 3306 coliem
929 3257 1087 3336 negativum,
1106 3258 1132 3305 et
1154 3255 1274 3305 subditi
1267 3271 1318 3306 emo

293 3327 406 3374 extranei
416 3325 510 3386 possint
519 3325 567 3372 sibi
578 3288 742 3394 peruiadere,
758 3324 859 3386 propter
879 3324 999 3385 principis
1009 3325 1034 3373 et
1048 3323 1102 3381 ejns
1120 3326 1319 3378 consiliariorum
1419 3365 1423 3370 .

292 3395 454 3458 probitatem,
463 3395 559 3442 bellurn
568 3407 618 3442 ιιοιι
626 3407 679 3443 esse
690 3395 828 3456 injustum
837 3397 895 3458 qula
903 3395 1001 3454 lustitia
1009 3394 1070 3443 belii
1080 3392 1145 3457 saepe
1154 3397 1258 3446 obscura
1266 3399 1319 3458 est,

293 3465 321 3514 et
330 3475 409 3515 cauea
419 3476 468 3514 non
478 3461 623 3514 manifestae
635 3465 714 3516 Varii.

337 3614 410 3692 254.
428 3607 468 3678 In
480 3607 582 3690 bello,
601 3606 695 3677 etiarn
707 3607 884 3697 justopnon
897 3606 970 3676 licet
984 3607 1101 3678 directe
1120 3608 1319 3678 occiderem

255 3779 257 3783 ,
294 3719 456 3788 nocentes,
473 3720 507 3774 ut
520 3661 670 3787 insalutes,
688 3703 882 3813 impuberes,
900 3703 1136 3800 belloineptos,
1154 3702 1317 3784 foeminas,

296 3799 441 3881 rusticos,
458 3799 610 3894 plebeios,
628 3799 825 3893 peregrinos,
841 3817 1020 3886 extraneos,
1037 3815 1240 3901 mercatores,
1260 3757 1319 3869 cleI

297 3895 394 3982 ricos,
411 3895 490 3966 nihil
507 3897 548 3968 ad
567 3895 684 3968 bellum
699 3893 902 3970 conferentes
