2932 4658
244 379 248 388 .
310 323 386 414 304
572 341 626 392 nn
649 336 823 401 annro
845 337 1081 394 ermenero
1119 341 1121 344 ·

788 487 854 552 ,tta
932 533 935 540 a

553 617 591 668 De
601 615 882 692 iniustitiisparenmm‚
896 618 956 667 etc..
966 611 1023 680 erut
1033 616 1106 666 iiiios.

351 754 425 832 341.
440 748 561 818 Intusrr
572 763 643 818 sunt
653 764 796 844 parentes
806 747 860 846 qui
875 747 914 816 de
931 747 1021 816 bonis
1036 745 1173 815 filiorum
1190 747 1343 834 retinent,

307 861 421 940 praeter
435 844 468 912 id
481 845 566 941 quod
581 845 641 934 sibi
653 845 722 936 lege
737 869 916 912 concessum
929 857 986 913 est.

309 979 312 987 =
347 940 392 1008 Et
406 940 460 1032 qui
469 940 552 1028 justa
562 965 624 1008 non
640 940 757 1008 faciunt
772 938 944 1006 inventoria
956 951 986 1004 et
1005 937 1223 1005 aestimationes
1239 938 1343 1006 mohi-

306 1032 384 1102 linm
397 1034 438 1104 ad
449 1035 528 1104 salios
542 1033 777 1128 pertinentium,
795 1049 862 1114 aut,
877 1033 962 1100 nulla
976 1031 1134 1112 faciendo,
1150 1032 1232 1100 filios
1247 1059 1342 1128 expo-

304 1147 382 1200 nunt
395 1130 534 1223 periculo
550 1155 587 1198 ea
599 1153 661 1198 non
673 1129 878 1224 recuperandi
891 1127 1001 1196 saltem
1016 1128 1167 1210 totaliter,
1184 1145 1220 1196 ut
1237 1129 1340 1199 evenit

303 1231 386 1320 saepe
402 1233 473 1294 enm
486 1226 591 1323 proles
613 1242 683 1294 sunt
702 1225 840 1320 plurium
864 1225 1096 1316 conjugiorum,
1122 1239 1191 1306 aut,
1215 1240 1248 1291 nt
1273 1249 1338 1294 non

303 1327 393 1404 rari),
421 1347 457 1390 ea
474 1346 538 1390 nou
555 1319 761 1415 recuperandi
783 1319 844 1388 nisi
854 1319 960 1389 litibus
980 1345 1049 1414 quae
1065 1322 1217 1412 majorem
1227 1343 1338 1388 eorum

302 1433 425 1510 partem
434 1417 467 1484 in
480 1416 636 1510 impensas
650 1417 827 1488 absorbent.

342 1511 388 1580 Et
411 1512 518 1602 injusti
541 1513 686 1584 videntur
707 1509 762 1603 qui
775 1510 841 1579 sine
857 1511 949 1578 causei
962 1507 1127 1578 sufficienti
1138 1507 1335 1578 exhaeredant

300 1606 381 1674 filios
392 1639 399 1686 t
412 1607 476 1678 imo
490 1608 544 1700 qui
558 1624 646 1700 parte
664 1607 817 1676 bonorum
835 1631 904 1698 quae
922 1605 1036 1672 dieitur
1054 1604 1209 1698 legitima,
1233 1605 1333 1674 filium

299 1703 439 1796 privant,
452 1703 623 1787 simulatis,
643 1732 673 1771 v.
687 1730 719 1796 g.
730 1758 739 1786 ,
751 1701 1000 1782 venditionibus,
1017 1717 1069 1770 aut
1082 1703 1165 1770 veris
1185 1701 1330 1796 quidem,

299 1799 355 1870 ted
368 1801 503 1892 pretium
516 1801 606 1868 alteri
617 1801 682 1866 filio
697 1801 868 1886 dando(a).
881 1797 968 1869 Nam
981 1797 1067 1892 leges
1075 1798 1219 1890 videntur
1233 1797 1284 1866 hic
1298 1799 1332 1867 in

297 1891 417 1982 justitiit
431 1894 587 1988 obligare,
601 1895 691 1962 aliter
702 1895 783 1964 filius
797 1910 919 1990 posset,
942 1893 1009 1962 sine
1029 1895 1139 1974 causti,
1156 1895 1220 1960 tota
1234 1892 1330 1962 haerc-

297 1988 394 2060 ditate
407 1990 542 2086 privari;
557 1990 668 2062 saltem
678 1993 766 2060 adest
779 1989 831 2058 hie
847 1989 998 2082 obligatio
1009 1987 1201 2058 eonscientiae
1212 1989 1329 2082 quaevis

297 2087 385 2176 cujus
402 2086 489 2156 laesio
503 2087 643 2181 reparari
657 2088 785 2156 deberet
792 2089 882 2172 [445,
892 2089 937 2172 b].

337 2181 382 2271 Et
399 2181 453 2274 qui
467 2181 639 2274 illegitimis
657 2185 731 2252 dant
746 2182 828 2250 ultra
838 2183 923 2275 quod
932 2181 1016 2274 leges
1027 2179 1221 2273 permittunt.
1241 2177 1328 2249 Vide

285 2273 379 2343 Coi.
398 2277 458 2342 civ.
475 2277 616 2367 Ensanis
630 2279 791 2357 naturels,
808 2277 938 2360 enlirnts
949 2274 1138 2344 adulterius.

325 2425 363 2490 (u)
373 2429 444 2478 uuiti
455 2430 481 2477 et
490 2429 554 2487 iuris
568 2431 594 2478 et
603 2442 667 2478 sanae
678 2431 778 2478 moralis
788 2432 863 2489 periti
874 2464 882 2491 ,
893 2431 1024 2480 autumant
1033 2441 1103 2491 posse
1111 2431 1209 2492 patrem
1218 2463 1225 2493 ,
1234 2429 1325 2492 praeter

293 2495 414 2544 bonorum
433 2499 530 2557 partem
547 2509 621 2556 quam
638 2498 727 2545 vocent
742 2498 933 2558 disponibdem,
952 2500 1093 2560 relinquere
1108 2499 1161 2546 iiiio
1176 2499 1324 2558 praediorum

292 2563 515 2626 immorante
533 2564 585 2614 vitei
596 2566 687 2624 putris,
706 2567 794 2614 saitem
812 2569 834 2614 si
847 2567 943 2614 fructus
959 2567 986 2615 hi
1009 2581 1058 2615 non
1070 2567 1325 2628 stutgraudesntsie

291 2635 392 2686 ridetur
402 2647 436 2686 ex
444 2637 550 2684 articulo
559 2635 605 2684 ⁸56
613 2635 670 2684 cod.
680 2635 729 2683 civ.
741 2653 754 2677 α
764 2639 810 2684 Les
828 2636 901 2685 truits
913 2638 938 2684 et
949 2639 986 2684 les
1003 2636 1107 2686 intersis
1123 2639 1166 2686 des
1178 2637 1264 2686 choses
1278 2651 1322 2686 su-

290 2700 390 2764 iettesi
403 2706 517 2766 rapport,
530 2717 562 2752 ne
573 2704 628 2754 sont
638 2704 683 2751 dus
692 2699 747 2765 qu’it
758 2705 868 2765 comptor
876 2705 910 2753 du
918 2705 976 2764 iour
984 2706 1014 2754 de
1029 2707 1179 2756 i'ourerture
1190 2707 1221 2754 de
1232 2707 1255 2754 ia
1266 2719 1323 2754 sue·

290 2775 386 2825 aesalon
394 2793 418 2834 »‚
428 2777 472 2826 ulti
483 2775 617 2834 nequidem
627 2775 655 2824 iit
664 2775 788 2824 distinctio
799 2775 865 2824 inter
875 2775 971 2824 fructus
981 2777 1084 2836 grandes
1095 2779 1138 2826 aut
1148 2777 1291 2826 medioeres.

321 2844 372 2892 Sed
381 2845 409 2893 id
422 2845 557 2894 extundere
566 2846 658 2892 nollem
669 2846 701 2892 ad
710 2845 805 2894 ductus
811 2845 1001 2908 jampereeptos
1017 2849 1043 2897 et
1057 2841 1207 2907 cumulatos,
1218 2857 1322 2909 quorum

289 2915 467 2973 proprietatem
476 2915 548 2974 pater
555 2915 602 2960 sthi
608 2916 771 2975 reservasset,
782 2916 895 2976 quamvis
905 2930 962 2965 cum
973 2917 1111 2966 intentione
1121 2931 1163 2966 eos
1173 2917 1245 2966 dandi
1256 2917 1320 2976 flii03

289 2993 337 3028 uec
346 2977 361 3028 'a
371 2982 465 3030 fortiori
476 2983 507 3028 ad
515 2983 647 3040 pecunimn
658 2997 689 3031 ex
699 2985 731 3032 iis
739 2985 863 3034 redactam
870 3020 878 3046 ‚
886 2987 1010 3048 quietudo
1018 2988 1112 3036 tructus
1122 2991 1216 3049 purtem
1228 2987 1322 3035 iaciunt

288 3047 411 3102 honorum
418 3051 511 3110 points,
520 3052 568 3100 nisi
577 3053 661 3100 tamma
670 3050 730 3102 verit
741 3056 832 3106 dentur
840 3056 890 3105 filio
900 3053 1016 3118 tanquam
1021 3060 1116 3120 justum
1124 3059 1215 3106 laboris
1222 3057 1322 3116 majoris

288 3117 453 3178 stipendium,
465 3121 552 3167 saitem
562 3121 583 3166 si
593 3122 640 3180 ipsi
650 3125 784 3185 promissa,
793 3127 835 3194 aui
846 3124 920 3186 gratis
936 3139 985 3174 non
996 3126 1150 3174 laboraverit.

330 3251 405 3325 342.
421 3247 577 3330 Tutores,
592 3249 646 3339 qni
658 3217 934 3342 paren—tu-m-iocum
944 3264 1066 3326 tenent,
1087 3247 1162 3336 ergit
1182 3243 1319 3342 pupillos

286 3338 394 3428 injusti
409 3357 494 3424 sunt,
511 3349 582 3410 edm
594 3344 766 3414 inventoria
776 3349 856 3434 just'e
870 3343 937 3409 fieri
950 3365 1012 3406 nou
1024 3356 1149 3423 curant,
1163 3341 1317 3412 bouanon

167 3475 169 3483 ·
283 3441 372 3504 secte
385 3437 617 3528 administrant(
638 3444 669 3529 ),
681 3442 714 3514 in
728 3439 924 3508 commodum
945 3460 1035 3504 suum
1056 3461 1093 3505 ea
1113 3453 1314 3522 convertunt,

285 3533 465 3622 pensionem
476 3536 568 3604 sirrrad
583 3555 613 3604 et
629 3560 739 3630 operas
751 3530 908 3625 inpupillis
923 3530 1066 3622 exigunt,
1078 3535 1155 3606 dant
1170 3538 1214 3608 eis
1223 3563 1314 3630 peen-

283 3627 370 3696 niam
382 3631 422 3698 ad
432 3657 505 3701 ursus
514 3633 623 3700 malos.

316 3771 353 3836 (a)
365 3776 490 3825 Tenentur
500 3790 532 3824 ex
540 3773 612 3834 enipi
620 3772 669 3822 tati
678 3773 704 3821 et
712 3772 846 3834 ieri‚quiu
865 3774 1016 3835 stipendium
1035 3779 1135 3840 erigere
1146 3775 1247 3840 possunt
1264 3788 1310 3836 pro

284 3841 494 3896 administratione
505 3842 566 3905 sui[
577 3839 631 3904 558,
644 3841 687 3906 d].
697 3847 727 3892 P.
738 3845 798 3894 Gai.
810 3847 867 3895 Ant.
876 3847 929 3894 Non
937 3849 1007 3907 puto,
1016 3862 1082 3900 nuno
1091 3852 1191 3909 satiem,
1204 3849 1240 3898 eis
1250 3859 1310 3895 ton-

284 3914 339 3962 cedi
350 3916 516 3972 stipendium,
527 3916 617 3976 praeter
631 3916 754 3978 impensas
765 3916 796 3964 ob
806 3919 941 3974 gestionem
951 3917 1034 3967 iaetus.
