2918 4664
503 325 555 388 aa
577 287 797 386 arcearis.
1097 297 1165 410 r'69

153 415 232 483 ι’.
249 412 327 492 Stant
347 428 474 527 peccata
488 443 558 486 cum
574 417 644 486 aliis
659 440 858 500 connexam
850 441 926 509 g„
941 425 1102 526 peccatmu
1116 439 1176 484 su·¹

138 508 265 603 pertiae
276 536 346 579 cum
358 511 491 592 invidia
505 512 717 580 fornicatiouis
732 538 801 581 enm
814 527 940 620 peccato
957 536 1019 619 mre
1032 507 1165 620 impedi-

143 618 196 672 tur
190 606 386 714 conceptio;
379 605 473 675 ·furti
487 633 557 676 eum
571 606 693 676 iteratis
714 607 851 698 ejusdem
867 604 1048 685 desideriis;
1066 605 1165 674 ebrie·

142 699 237 767 iatrs
227 727 260 768 m
269 701 459 795 popinicum
468 719 688 796 provocatrone
699 702 833 770 altorum
843 703 884 770 ad
895 701 1117 781 ehrretatem
1086 726 1164 769 wrm

141 818 215 862 cum
232 796 460 890 blasphemiis
451 797 654 908 amproperiis
674 813 703 865 et
720 797 1008 892 imptecationibus,
1024 797 1164 866 avaritiae
1254 809 1258 814 '

140 917 215 958 cum
233 893 476 983 transgressione
500 892 650 987 praecepti
672 893 888 985 eleemosynae,
911 909 970 961 etc.
994 893 1088 960 Unde
1109 891 1163 984 qui

139 1010 239 1090 unum
254 986 354 1056 solum
364 988 543 1069 declarant,
562 1014 643 1082 saepe
657 1005 726 1078 sunt
740 989 780 1057 dc
800 1013 919 1057 annexu
938 987 1162 1080 interrogandi.

172 1153 211 1220 (ιι)
222 1155 284 1205 Sunt
291 1157 334 1218 qui
345 1159 448 1206 tertium
455 1157 502 1206 hoc
511 1157 660 1220 principium
669 1172 717 1207 nou
727 1159 870 1220 admittunt,
878 1160 903 1208 et
913 1159 1005 1212 latent
1013 1158 1165 1220 multiplica-

138 1222 505 1288 tionemolajeetorumupeccati
523 1227 552 1275 ut
567 1229 777 1282 circumstantiam
790 1193 870 1276 solini
883 1229 1024 1276 notabiliter
1031 1240 1172 1288 agamiam,

137 1293 202 1340 tem.
214 1295 241 1340 ln
251 1295 324 1353 praxi
339 1307 379 1342 res
389 1293 422 1342 ad
439 1294 506 1342 idem
522 1295 668 1354 reducitur,
686 1296 734 1342 nisi
745 1291 891 1355 lortipoena
905 1297 987 1358 aliqua
1003 1298 1103 1356 peccato
1120 1308 1164 1344 an·

138 1373 208 1409 nexa
217 1363 258 1409 sit.
1178 1375 1183 1389 ι

170 1427 209 1490 (ι)
220 1431 283 1486 ilina
294 1427 318 1476 l⁰
329 1427 374 1488 qui
383 1428 414 1476 de
425 1426 519 1478 iamilia
537 1427 810 1479 duodecimeoustante
822 1428 944 1488 detrahit,
958 1430 1019 1476 item
1034 1428 1077 1488 qui
1098 1429 1163 1476 hauc

135 1495 205 1554 odit,
213 1495 343 1552 duodecim
357 1495 514 1543 detractionis
523 1497 564 1544 uel
573 1496 622 1543 odii
633 1496 733 1556 peccata
744 1496 884 1544 committit.
895 1493 968 1544 luxti
979 1496 1166 1556 aliquostameu

136 1574 225 1610 unum
236 1563 315 1610 solum
325 1563 423 1621 gravius
442 1564 570 1624 peceatum
588 1563 750 1612 committitur
765 1564 838 1624 tunc,
849 1563 907 1625 qnia
922 1564 1028 1623 iaruilia,
1041 1563 1164 1612 monaste·

135 1629 221 1688 rium,
232 1632 290 1689 ete,
301 1631 328 1678 in
339 1643 416 1678 unum
424 1631 546 1692 coalescit,
556 1632 622 1680 elcut
633 1633 732 1680 unicum
741 1633 800 1681 furti
811 1633 938 1692 peccatum
958 1633 1017 1680 iacit
1030 1633 1073 1692 qui
1087 1632 1161 1680 unico

133 1697 200 1746 ectu
207 1698 283 1746 alicui
295 1698 375 1746 aufert
385 1700 517 1760 pecuniam,
525 1701 550 1748 et
560 1701 649 1749 vestes.
659 1700 706 1748 Sed
716 1701 850 1762 paritasibi
858 1713 907 1749 uon
923 1702 968 1750 est.
979 1699 1161 1748 attendendum

135 1765 210 1812 enim
216 1765 247 1812 ad
255 1767 397 1824 pluritatem
405 1767 498 1824 jnrium
507 1781 560 1827 quae
572 1769 706 1816 violantur.

168 1833 235 1881 ilinc
245 1835 272 1880 2⁰
280 1835 397 1882 uxoratus
407 1847 464 1881 eum
474 1834 574 1882 uxorati
583 1836 631 1883 duo
641 1837 761 1883 adulteria
769 1837 912 1896 committit3
921 1837 981 1886 duas
991 1837 1017 1885 iu
1025 1835 1098 1886 corde
1106 1834 1157 1884 ior·

134 1901 285 1962 uicatioues,
295 1903 338 1963 qni
347 1903 377 1950 de
388 1903 483 1950 duabus
494 1903 705 1965 lomimtionihue,
717 1906 792 1954 etlam
803 1919 859 1954 cum
867 1905 963 1966 eidem,
971 1903 1065 1954 morosi
1074 1907 1158 1954 delec-

136 1970 222 2030 tatur3
233 1971 270 2018 tot
278 1971 404 2030 sacrilegia
412 1973 531 2029 sacerdos,
540 1974 617 2033 quot
610 1986 637 2025 an
647 1974 712 2022 statu
719 1975 815 2033 peceati
824 1976 932 2022 mortalis
938 1976 1089 2022 sacramenta
1098 1987 1158 2022 con·

135 2039 193 2088 ecit
202 2039 246 2088 aut
254 2040 392 2109 ministrat3¹
407 2041 472 2099 duo,
484 2043 527 2100 qui
537 2039 610 2089 unici
620 2042 823 2090 determinatione
839 2043 925 2090 statuit
940 2055 989 2088 nou
998 2055 1096 2089 servare
1106 2041 1156 2090 dno

135 2107 250 2168 jejunia3
260 2109 362 2156 unicum
370 2105 438 2168 ueri>
447 2109 490 2156 sed
499 2109 605 2168 quadra
607 2109 820 2168 tutamquivaleus,
835 2111 855 2156 si
867 2111 985 2156 statueret
993 2121 1041 2157 uon
1056 2119 1156 2156 serrare

136 2177 372 2240 quadragesimale,
387 2179 446 2239 qula
461 2177 588 2237 ieiunium
601 2177 808 2270 quadragesimale
827 2187 871 2250 per
888 2176 988 2236 modum
1005 2177 1080 2224 unius
1096 2181 1156 2228 tune

138 2243 278 2307 spectatur.

170 2315 239 2362 ilinc
255 2316 281 2363 5⁰
294 2315 398 2376 pollutio
418 2315 513 2376 penate
533 2327 565 2364 ex
577 2315 713 2364 intentione
729 2315 835 2376 copula,
850 2315 943 2376 duplex
958 2314 1093 2376 percnum
1103 2312 1157 2374 est,

137 2383 217 2434 etiam
230 2397 333 2432 numere
344 2385 499 2444 distinctum,
513 2385 570 2445 qnia
584 2387 686 2446 pollutio
697 2398 729 2433 ex
737 2398 763 2433 se
772 2397 821 2432 non
831 2385 956 2432 ordinatur
965 2384 995 2432 ad
1003 2383 1126 2444 copulam.

170 2453 235 2499 ilinc
242 2451 269 2499 [ι’
280 2453 438 2500 declarandus
445 2453 471 2500 in
481 2454 631 2502 confessione
639 2463 918 2514 numeruspersonurum
927 2452 1073 2501 eodemactu
1083 2462 1155 2500 sean-

137 2520 308 2581 tartarearum,
317 2522 449 2568 mulierum
461 2522 546 2570 eodem
556 2523 677 2580 desiderio
688 2524 880 2582 concupitarum,
897 2524 974 2572 Varii.

171 2589 277 2636 densent
285 2589 367 2637 tamen
378 2589 449 2638 multi
468 2601 526 2637 eum
533 2591 577 2651 qui
588 2604 637 2638 uno
655 2592 796 2639 continuato
806 2591 901 2650 impetu
911 2601 1016 2637 venereo
1030 2582 1157 2636 multoties

139 2655 264 2715 inmugit,
274 2653 449 2716 autiupuutce
460 2657 574 2716 agiteum
584 2639 750 2717 puelliseain'
763 2652 842 2714 sepe,
854 2657 900 2703 etsi
912 2653 993 2714 aliqua
1007 2666 1064 2700 cum
1078 2654 1157 2699 inter·

139 2725 257 2784 ruptione
273 2724 406 2784 tangendo,
420 2722 493 2786 [lea
504 2723 537 2786 t]
552 2725 606 2784 otc,
619 2726 645 2774 et
657 2737 715 2772 eum
724 2724 768 2782 qui
778 2735 810 2782 ex
818 2723 890 2769 unico
901 2722 944 2768 irae
957 2723 1052 2779 impetu
1064 2721 1159 2778 pluries

140 2793 264 2853 percutit,
276 2793 370 2854 pluries
383 2790 554 2852 blasphemat(
570 2790 641 2840 modo
656 2803 706 2837 nou
719 2791 750 2836 de
760 2790 873 2848 pluribus
886 2789 976 2835 sanetis
985 2788 994 2847 t
1003 2799 1080 2834 uuum
1091 2801 1157 2836 eom·

140 2861 242 2910 mittere
251 2865 389 2922 peceatum,
400 2861 457 2921 quia
468 2861 575 2907 haednou
584 2861 641 2907 suut
649 2859 757 2906 actiones
766 2855 854 2904 totales
863 2865 912 2904 nnn
922 2857 1019 2904 ιιιιιιιιιιι
1025 2888 1033 2913 ,
1045 2856 1109 2904 sicut
1117 2869 1158 2906 re·

139 2931 220 2992 petita
229 2931 346 2993 pollutio,
359 2929 494 2978 fornicatio.
514 2928 609 2976 suitlcst
623 2923 724 2986 proluat
738 2927 789 2972 laec
802 2925 912 2972 confiteri
925 2925 960 2970 etc
973 2937 979 2970 ι
991 2926 1073 2984 semet,
1093 2925 1158 2988 ete,

140 2998 427 3048 declarandounruernm
437 3029 445 3058 ‚
456 2995 477 3045 ιι
487 2996 520 3045 sit
539 3007 658 3058 magnus,
678 2995 722 3044 aut
742 2995 829 3043 saltem
843 2993 995 3045 durationem
1010 2993 1098 3042 talium
1114 3005 1158 3044 ac·

143 3067 226 3117 taum.

171 3135 220 3194 Qui
231 3135 307 3182 alium
317 3133 431 3183 convitiis
448 3132 542 3182 diversi·
549 3129 645 3194 generis
658 3131 750 3193 aidcit,
767 3131 874 3200 vocando
888 3133 987 3192 iurem,
1002 3132 1065 3192 ete,
1075 3128 1155 3190 luxti

141 3204 220 3253 (tollet
229 3205 300 3265 plura
310 3204 368 3251 iacit
378 3204 486 3264 peccata.
495 3203 598 3252 linteum
607 3198 678 3262 Juxta
688 3203 787 3262 multos,
795 3203 853 3263 quta
863 3215 927 3254 unus
937 3203 975 3249 est
984 3198 1105 3260 ordinarie
1119 3203 1157 3250 el·

142 3275 230 3334 iectus,
246 3275 324 3322 alium
342 3269 431 3334 nempe
444 3273 593 3332 contristari,
602 3272 667 3333 quod
676 3273 791 3319 ultimum
802 3284 889 3320 verum
900 3271 1003 3317 Billunrt
1016 3271 1157 3332 existimat,

141 3342 164 3392 ιι
175 3339 286 3392 convicia
300 3342 436 3405 habeantur
445 3343 474 3390 ut
481 3342 544 3393 laisa
554 3341 580 3388 et
595 3341 652 3390 irati
662 3340 738 3387 animi
749 3340 860 3398 allectus,
868 3341 897 3386 ut
905 3335 969 3398 saepe
980 3339 1045 3386 inter
1055 3339 1159 3388 mulier-

141 3413 218 3460 culas.
230 3411 347 3458 Sianmm
360 3411 389 3458 ιιι
406 3424 464 3460 vera
475 3410 612 3458 habeantur
622 3409 673 3456 tam
684 3409 714 3455 ab
725 3409 880 3468 aggrediente
895 3403 968 3468 quim
982 3407 1012 3453 ab
1025 3407 1116 3454 eliense
1131 3407 1159 3454 ιι

142 3479 370 3540 circumstantibus,
387 3474 422 3527 lii
439 3480 468 3527 ut
482 3477 613 3532 medentur
626 3471 685 3525 acre
700 3477 833 3537 imputari,
854 3476 957 3524 totidem
975 3475 1032 3521 sunt
1048 3473 1158 3532 peccata.

140 3547 448 3596 ililrivideuturdistiucta
456 3544 878 3605 tunclnluteutieneeonriciautie3
887 3544 975 3594 saltem
982 3540 1159 3603 gravioresttn

142 3615 190 3709 ιιι
199 3616 355 3670 ιιιιιιιιιιιιι
347 3615 450 3676 iniuria.
