2990 4672
270 313 342 392 ‘186
632 326 694 416 ‚nn
710 331 937 414 anconam:
988 368 990 373 ,

310 424 433 494 Invidia
445 414 596 504 salaritiis
610 423 663 493 'est
678 449 849 516 exgenere
862 449 937 503 suo;
951 421 1008 494 sed
1017 419 1099 519 sept
1110 421 1238 502 venialis
1252 441 1293 494 ex

160 511 172 534 '
268 519 393 588 levitate
402 519 540 595 materiae
550 521 600 606 (h)
613 519 890 612 etimperfectiono
902 519 1002 586 actis.
1039 571 1046 587 .

308 613 389 706 Ejus
403 614 475 684 filiae
487 629 559 684 sunt
576 614 682 684 odium
694 613 845 710 proximi,
861 610 1023 682 delectatio
1043 612 1082 684 de
1095 611 1179 690 illius
1190 611 1291 702 malo,

268 708 432 780 tristitiam
445 711 486 780 de
502 709 697 796 illusione,
713 706 1073 800 susurrationetraeti'o.
1169 709 1172 713 ’
1248 793 1253 795 Π

281 849 284 856 ·
308 805 465 882 Remedia
479 836 489 874 a
506 805 711 900 eogitarouos
727 829 832 874 omnes
843 805 974 898 frames,
989 802 1219 894 inridiamesse
1229 799 1294 872 dia·

269 900 335 973 boli
348 919 528 996 peccatum,
541 902 661 996 solique
674 902 825 972 invidenti
837 927 963 980 nocere.

300 1089 335 1156 (a)
347 1095 435 1142 Dolere
445 1094 476 1142 ele
489 1094 553 1142 bono
564 1094 687 1153 spirituali
696 1095 811 1153 alterius,
823 1093 881 1154 quia
890 1105 920 1141 eo
931 1093 1045 1153 indignus
1055 1095 1102 1154 cst,
1114 1095 1243 1155 peccatum
1252 1096 1293 1146 est

269 1164 382 1212 mortale.
393 1165 423 1210 Ρ.
435 1163 495 1212 διώ.
505 1165 561 1211 Aat.
573 1164 635 1210 item
643 1163 665 1224 si
675 1163 829 1223 providentia
835 1163 918 1210 divina
927 1164 1051 1222 arguatur.
1062 1165 1133 1221 idem,
1144 1163 1229 1224 Boilly.
1253 1219 1255 1222 ,

300 1229 335 1294 (b)
346 1231 379 1278 ut
389 1231 410 1277 si
418 1231 451 1278 sit
461 1231 491 1278 <le
500 1231 563 1278 bono
572 1232 660 1290 exiguo
667 1263 674 1290 ,
682 1227 780 1292 utoaepb
790 1231 817 1278 in
827 1232 920 1291 pueris.
931 1233 1041 1280 Bitluort.
1050 1233 1080 1278 P.
1093 1231 1201 1286 tlemus.
1213 1231 1290 1279 lutei

251 1307 253 1312 ’
269 1299 301 1348 olt
311 1313 401 1361 parvus
411 1301 500 1347 motus.
508 1304 571 1348 Dee
581 1304 633 1361 poet
641 1303 759 1360 steyaert,
771 1301 863 1360 Boilly,
873 1302 922 1349 loo.
934 1301 990 1349 Aet.
1002 1301 1075 1358 Nam,
1084 1300 1120 1346 ait
1130 1300 1159 1344 D.
1169 1301 1250 1358 Dens,
1260 1299 1291 1346 ut

269 1369 426 1430 cognoscatur
434 1368 584 1427 gravitaavel
593 1367 680 1416 levitas
687 1367 796 1416 materiae
803 1368 911 1427 invidiae,
918 1381 966 1415 non
973 1367 1009 1414 cst
1017 1367 1290 1426 attendendaquautitaa

269 1437 327 1484 boni
337 1436 403 1496 quod
416 1436 550 1494 inridetur,
561 1437 619 1495 quia
627 1435 720 1484 bonum
727 1449 844 1497 magnum
851 1437 931 1496 potest
938 1435 1044 1485 invideri
1052 1429 1148 1504 parum,
1155 1435 1180 1484 ot
1188 1435 1223 1482 ita
1230 1445 1289 1494 pec-

269 1506 351 1555 catum
363 1499 624 1554 essesolimveniale.
863 1552 864 1555 ,

280 1632 284 1636 ,
298 1575 317 1620 E
328 1567 412 1621 contri
422 1574 514 1620 bonnm
528 1585 632 1636 parvum
647 1573 728 1634 potest
737 1573 843 1622 inrideri
863 1569 981 1620 acerrime
991 1604 999 1632 ,
1009 1571 1069 1620 tunc
1082 1571 1211 1632 peecatum
1226 1569 1291 1619 osset

266 1641 532 1690 mortale.1)isorimen
547 1643 671 1703 colligitur
686 1637 843 1704 potissimum
853 1655 885 1690 ex
902 1641 1047 1701 effectibus,
1059 1641 1089 1688 ut
1098 1639 1291 1691 detractionibus

268 1710 373 1770 aliisque
381 1710 489 1768 injuriis.
1018 1709 1021 1714 '
1116 1703 1121 1712 ’

298 1779 341 1828 ist
348 1773 406 1828 cium
414 1779 527 1828 inritans
534 1779 685 1838 bistetur‘de
696 1781 758 1828 hono
767 1778 921 1840 gaudeatque
933 1777 963 1826 tle
972 1777 1036 1826 malo
1050 1777 1174 1836 proximi,
1185 1771 1200 1824 a
1210 1775 1291 1838 gravi·

267 1847 319 1895 tate
338 1847 429 1906 objecti
446 1849 579 1908 repetenda
596 1845 695 1898 ridetur
712 1849 818 1908 gravitas
834 1847 952 1906 iuvidiaea
966 1846 1073 1906 ¹graviter
1088 1845 1156 1892 enim
1168 1843 1291 1910 repugnat

269 1916 384 1980 charitati
392 1911 457 1976 quod
465 1917 520 1977 quis
528 1917 640 1966 tristetur
648 1918 678 1966 de
687 1919 750 1964 bono
760 1914 827 1975 gravi
836 1914 866 1962 de
877 1907 1290 1974 quodeberetgaudere.1mptieitt
1300 1910 1303 1916 ’

268 1984 336 2032 anim
346 1985 469 2034 desiderat
478 1987 618 2046 proximum
628 1987 671 2036 ilio
679 1987 780 2046 privari.
790 1981 983 2042 inmortali.
992 1977 1117 2055 §autaut
1129 1979 1293 2050 impmiectuu

203 2115 206 2118 Ι
268 2053 507 2118 estmotuainridiae,
517 2056 589 2106 utait
598 2057 629 2104 D.
639 2056 753 2104 Thomas.

649 2209 907 2272 uarrounusvi
947 2228 950 2236 ¹

715 2376 754 2424 De
766 2374 838 2426 uult.

309 2523 1286 2620 cumeuestappetituavelususiuordinatusalimcntornm.

308 2624 346 2695 Si
360 2623 423 2692 cibi
435 2675 444 2706 ‚
456 2621 636 2690 comessatio
647 2637 699 2689 aut
710 2621 857 2716 crapula,

309 2721 346 2790 si
357 2717 612 2816 potils,ebrietas
626 2716 812 2810 appellatur.
1163 2803 1166 2808 Ι

306 2816 453 2886 Ebrietas
480 2811 622 2882 mortalis
648 2827 694 2880 est
709 2829 868 2903 exgenere
881 2835 937 2880 suo
952 2810 1003 2896 (a)
1023 2823 1054 2878 et
1069 2807 1143 2880 talis
1160 2804 1287 2906 reapsb,¹
1381 2854 1386 2860 -

267 2916 339 2980 eum
349 2911 459 2980 saltem
472 2909 603 3003 impedit
611 2907 746 2978 totaliter
756 2933 846 2978 usum
856 2906 984 2978 rationis
994 2919 1046 2974 aut
1055 2907 1120 2998 ejus
1130 2907 1289 3001 potestatis

266 3003 408 3100 proxime
421 3005 481 3087 (bl.
722 3061 726 3068 .

307 3097 395 3166 Gula
404 3111 564 3192 peccatur,
579 3095 698 3166 edendo
708 3111 763 3166 aut
770 3095 906 3166 bibendo
917 3151 925 3180 ,
936 3111 971 3164 ut
985 3095 1087 3173 aiunt:

234 3241 236 3244 .
308 3190 627 3282 Prapropottdmtt
634 3241 645 3273 ,
658 3190 752 3267 nimis
763 3245 772 3274 ,
782 3195 950 3268 ardenter,
963 3187 1110 3256 studiosi.

307 3287 394 3357 Nota
409 3315 418 3354 a
433 3285 517 3356 Cam
540 3283 672 3354 ebrietas
684 3284 851 3377 imaginem
866 3283 929 3370 Dei
941 3281 975 3350 in
987 3278 1112 3351 homine
1122 3277 1225 3348 deleat
1237 3281 1287 3352 vel

267 3385 426 3478 demrpet,
452 3406 515 3448 non
537 3379 610 3448 licet
623 3381 664 3448 ad
686 3381 783 3458 vitam
805 3375 1046 3448 conservandam
1062 3400 1096 3444 se
1118 3390 1171 3446 aut
1192 3375 1289 3446 alium

266 3477 422 3548 inebriare
431 3503 504 3562 ,neo
515 3476 600 3558 adid
612 3475 906 3563 inducere,imbnec
920 3469 1053 3539 amicum
1065 3471 1107 3540 ad
1119 3473 1292 3567 potandum

267 3578 365 3667 usque
379 3575 420 3642 ad
431 3573 621 3653 ebrietatem.
638 3572 732 3642 Unde
738 3567 863 3640 mortali
876 3593 909 3638 se
920 3582 1074 3662 exponunt
1086 3583 1287 3660 provocantes

268 3670 309 3739 ad
323 3669 449 3740 haustus
461 3669 600 3763 aequales¹
609 3667 665 3754 (c).

310 3764 396 3842 Nota
416 3765 530 3834 iterium
548 3794 555 3831 a
573 3761 719 3834 Ebrietas
738 3757 863 3851 gravior
883 3775 929 3829 est
952 3758 985 3828 in
1003 3755 1233 3839 sacerdotibus,
1251 3753 1289 3822 iu

268 3883 379 3943 munus
390 3858 599 3936 exeremubus
612 3855 771 3956 publicum
782 3909 791 3944 ,
802 3854 967 3950 inmollis,
983 3849 1216 3946 inmulieribus.
1289 3949 1293 3959 q
